2580 3954
330 255 427 297 urenae
442 254 485 296 rv.
510 253 581 296 oar.
596 244 640 300 at.
657 245 701 300 28.
726 234 765 317 [a.
783 236 818 298 O.
833 235 896 318 431]
1032 243 1094 304 223

138 403 252 466 consilii
270 405 419 481 animique
435 403 586 480 specimen
603 409 633 464 et
649 405 820 482 neutiquam
838 403 970 482 volgatae
990 404 1094 476 laudis,

138 487 215 566 quod
234 486 311 547 ultro
327 487 363 547 ad
379 487 575 565 oppugnanda
594 493 689 547 castra
712 487 857 557 hostium,
883 488 962 549 unde
983 491 1095 550 maiore

138 571 254 648 agmine
271 570 422 648 proiectos
443 569 627 648 exploratum
647 571 759 643 iuerat,
780 571 817 630 n.
841 571 1003 648 Geganium
1028 589 1095 633 eum

138 652 311 714 cohortibus
328 652 449 714 delectis
462 654 551 714 misit.
582 655 633 733 qui
646 661 803 733 postquam
819 655 948 716 intentos
959 654 1095 717 homines
1114 669 1144 719 ιι

138 739 168 796 in
185 743 321 798 eventurn
335 736 463 815 periculi
479 735 568 798 alieni
582 755 638 816 pro
659 756 691 800 se
713 739 848 800 incautos
865 737 1009 818 neglectis
1024 740 1095 818 vigi-

138 820 185 881 liIs
201 820 436 898 stationibusque
451 826 496 881 est
510 821 648 891 adortus,
674 823 757 900 prius
779 840 874 901 paene
900 823 979 901 cepit
1000 828 1097 884 castra

138 921 225 981 quam
242 905 408 982 oppugnari
422 903 523 966 hostes
538 907 609 966 satis
622 908 743 966 seiaent.
772 906 842 967 inde
856 905 953 977 fumo,
976 913 1009 967 ut
1026 923 1096 968 con·
1116 920 1146 973 12

138 994 271 1058 venerat,
295 988 394 1048 datum
410 987 526 1065 signum
542 987 593 1049 ubi
615 996 807 1068 conspectum
824 988 860 1050 ab
879 989 1022 1052 dictatore
1043 997 1096 1060 est,
1125 1041 1129 1050 .

138 1069 280 1132 exclamat
297 1077 381 1150 capta
395 1071 526 1134 hostium
542 1078 653 1145 castra,
675 1074 863 1152 nuntiarique
878 1075 987 1152 passim
1004 1073 1096 1135 iubet.

196 1153 320 1216 XXVIII.
344 1154 382 1216 Et
395 1157 454 1215 iam
465 1153 641 1227 luciscebat,
658 1159 814 1235 omniaque
830 1156 886 1218 sub
898 1155 990 1218 oculis
1003 1163 1096 1218 erant.
1117 1165 1130 1216 1

138 1245 167 1300 et
180 1236 289 1300 Fabius
308 1256 375 1302 cum
390 1239 522 1317 equitatu
536 1242 678 1319 impetum
699 1240 835 1311 dederat,
858 1248 887 1302 et
910 1239 1014 1302 consul
1030 1257 1097 1302 eru-

137 1323 269 1402 ptionem
289 1324 425 1384 ecastrIs
440 1323 620 1402 intrepidos
635 1325 693 1384 lam
706 1323 806 1386 hostes
822 1326 951 1392 lecerat;
974 1324 1097 1384 dictator
1115 1335 1132 1383 2

137 1414 250 1476 autem,
267 1413 353 1486 parte
370 1405 462 1468 altera
481 1405 612 1468 subsidia
627 1415 656 1470 et
671 1408 831 1470 secundam
852 1409 945 1470 aeIem
965 1407 1096 1476 adortus,

138 1492 351 1568 circumagenti
367 1509 399 1552 se
414 1490 451 1550 ad
466 1490 601 1552 dissonos
615 1491 760 1553 clamores
777 1509 812 1552 ac
827 1491 940 1553 subitos
954 1489 1098 1551 tumultus

137 1574 215 1635 hosti
239 1575 369 1654 undique
395 1573 545 1636 obiecerat
575 1577 716 1637 rictorem
746 1575 874 1654 peditem
901 1578 1096 1654 equitemque.

138 1661 332 1741 circumventi
351 1661 440 1737 igitur
464 1660 522 1720 Iam
537 1660 568 1719 in
585 1660 681 1720 medio
702 1659 738 1721 ad
760 1677 853 1719 unum
869 1677 972 1720 omncs
987 1675 1097 1736 poenas
1116 1670 1132 1720 a

138 1740 310 1808 rebellionis
328 1742 493 1812 dedissent,
515 1744 545 1803 ni
561 1743 672 1804 Vettius
692 1743 816 1804 Messius
839 1760 875 1804 ex
892 1741 1019 1811 Volscis,
1044 1759 1097 1801 no·

137 1825 227 1886 bilior
240 1827 283 1884 vir
301 1826 386 1888 iactis
407 1844 493 1904 quam
511 1843 635 1903 genere,
659 1827 717 1886 inm
738 1825 840 1887 orbem
861 1824 1010 1887 volventes
1029 1842 1098 1886 suos

138 1911 296 1987 increpans
319 1908 397 1970 clara
424 1927 495 1970 voce
518 1909 587 1980 „hic
609 1909 794 1988 praebituri“
815 1910 912 1988 inquit
938 1927 1009 1981 „vos
1031 1907 1132 1968 telisa

138 1993 268 2053 hostium
282 1995 352 2055 estis
367 1993 527 2062 indeleusI,
549 1993 653 2054 inulti?
683 1994 752 2072 quid
772 1995 860 2072 igitur
876 2011 957 2053 arma
972 1991 1097 2062 habens,

139 2084 188 2137 aut
200 2077 271 2154 quid
282 2076 360 2138 ultro
372 2076 483 2138 bellum
494 2076 650 2148 intubstis,
662 2079 693 2137 in
705 2078 764 2138 otio
775 2076 962 2146 tumultuosi,
977 2078 1007 2135 in
1019 2074 1097 2136 bello

139 2161 264 2239 segnes?
300 2161 370 2238 quid
391 2161 439 2222 hic
461 2161 606 2224 stantibus
627 2163 691 2240 spei
713 2161 788 2222 esti,
807 2179 843 2222 an
862 2161 949 2222 deum
971 2158 1098 2238 aliquem

138 2250 345 2324 protecturum
367 2263 418 2306 uos
444 2253 659 2324 rapturumque
686 2245 755 2305 hinc
781 2244 909 2324 putatisi
944 2244 1026 2305 Ierro
1052 2244 1098 2303 tia

138 2327 272 2390 faelenda
284 2339 335 2390 est.
362 2326 432 2399 hac,
445 2346 503 2408 qua
514 2347 561 2389 me
572 2346 779 2407 praegressum
790 2329 934 2398 videritis,
948 2330 1033 2406 agite,
1048 2327 1099 2406 qui
1116 2335 1220 2412 5&

139 2414 229 2474 visuri
243 2412 345 2474 domos
359 2420 499 2491 parentes
515 2414 654 2490 coniuges
669 2412 780 2474 liberos
801 2413 886 2482 estis,
912 2414 952 2472 ite
971 2427 1097 2472 mecum.

138 2513 200 2558 non
215 2513 318 2557 murus
342 2515 397 2558 nec
419 2495 526 2557 trellum
548 2497 600 2557 sed
620 2497 723 2557 armati
742 2487 861 2556 armetis
881 2495 1009 2556 obstant.
1040 2495 1098 2554 vir*

139 2587 202 2640 tute
216 2597 319 2658 pares,
335 2582 525 2650 necessitate,
542 2595 618 2657 quae
634 2580 771 2640 ultimum
787 2597 821 2641 ac
834 2580 993 2639 maximum
1007 2575 1100 2639 telum

141 2671 193 2733 est,
206 2665 376 2741 superiores
388 2666 493 2727 estis!“
510 2665 585 2726 baec
598 2664 730 2725 locutum
743 2670 1010 2741 exsequentemque
1021 2661 1099 2722 dicta
1117 2678 1134 2730 o

139 2747 341 2826 redintegrato
361 2749 490 2810 elamore
514 2751 609 2810 secuti
626 2749 696 2810 dant
716 2748 948 2826 inpresslonem,
971 2762 1027 2822 qua
1042 2745 1099 2806 Po-

140 2833 264 2894 stumius
279 2831 371 2896 Albus
386 2831 524 2895 cohortes
545 2831 708 2902 obiecerat;
731 2838 761 2894 et
774 2837 929 2894 moverunt
946 2831 1098 2899 rictorem,

141 2915 235 2976 donec
251 2916 374 2977 dictator
385 2918 492 2996 pedem
504 2919 564 2978 iarn
574 2915 773 2979 referentibus
784 2918 845 2977 suis
857 2915 989 2985 advenit,
1005 2930 1104 2990 eoque·

142 3015 229 3059 omne
248 2999 395 3077 proelium
411 3020 529 3063 versum
551 3008 604 3063 est.
635 3003 687 3062 uni
701 3003 764 3062 viro
778 3001 885 3062 blessIo
905 3000 1022 3060 iortuna
1043 2997 1097 3055 bo·
1115 2997 1131 3052 7

141 3083 230 3144 stIum
251 3085 396 3146 innititur.
434 3083 525 3146 multa
545 3087 693 3164 utrimque
716 3085 851 3154 vulnera,
875 3082 965 3142 multa
989 3081 1098 3159 passim

142 3166 246 3228 caedes
262 3173 315 3228 est.
351 3169 409 3229 iarn
433 3187 471 3229 ne
487 3170 577 3231 duces
598 3170 716 3248 quidem
733 3168 857 3228 Romani
876 3165 1023 3226 Incruenti
1043 3180 1098 3242 pu·

142 3256 242 3329 gnant.
272 3269 350 3312 unus
364 3253 531 3314 Postumius
554 3255 630 3314 ictus
652 3271 722 3330 saxo
742 3252 892 3331 perfracto
917 3249 1011 3326 capite
1037 3247 1133 3308 aeiett

142 3337 276 3398 excessit.
302 3354 363 3396 non
376 3337 549 3398 dictatorem
564 3355 684 3398 umerus
696 3336 884 3404 vulneratus,
902 3349 962 3393 non
974 3331 1098 3392 Fabium

141 3437 235 3498 prope
251 3420 379 3481 adfixum
396 3439 471 3501 equo
492 3421 604 3492 lemur,
621 3439 680 3481 non
695 3419 850 3481 brachium
866 3416 1012 3480 abscisum
1030 3432 1099 3476 con·

141 3500 236 3564 sulem
254 3524 289 3567 ex
306 3511 366 3567 tarn
384 3505 503 3585 abcipiti
518 3503 631 3586 proelio
648 3505 812 3565 summovit.
