2548 3954
279 207 374 250 ιιιιιι
389 160 417 249 ι.Ι
441 207 510 250 aaa.
529 200 571 256 ιι.
588 199 630 253 27.
655 191 694 269 [a.
712 191 745 251 0.
763 194 889 274 sta-640]
1020 199 1060 260 29

129 362 299 435 apererunt
329 355 355 424 i,
371 364 458 433 caput
471 355 590 418 obnube
605 355 773 420 liberatoris
791 359 873 420 urbis
889 358 990 428 lruins;
1012 377 1060 420 ar-

105 376 204 501 bore
197 437 309 500 infelici
324 439 479 516 suspende,
495 439 617 502 verbera
633 440 678 502 vel
691 443 769 502 intra
780 444 956 522 pomerium,
972 445 1059 506 modo
1125 468 1128 473 ·

107 526 184 586 inter
212 520 262 582 illa
290 520 349 600 pila
376 530 404 583 et
431 523 524 601 spolia
550 523 692 596 hostium,
720 524 765 586 vel
787 534 868 587 extra
882 529 1057 604 pomerium,

106 606 195 667 modo
210 606 288 666 inter
304 605 438 683 sepulcra
456 606 661 668 Curiatiorum
685 625 743 685 quo
761 611 839 671 enim
854 611 962 670 ducere
979 610 1059 670 hunc

105 691 243 750 iuvenem
259 689 398 766 potestis,
419 687 470 748 ubi
492 707 551 750 non
567 709 619 752 sua
634 691 742 752 deeora
759 711 826 754 eum
842 713 858 753 a
872 699 951 752 tanta
966 692 1059 754 foedi·

105 781 165 834 tate
186 771 324 850 supplicii
352 773 537 834 adadremon
564 792 624 834 non
645 774 711 836 tulit
735 776 862 854 populus
887 793 943 836 nec
967 778 1059 853 patris
1079 789 1109 838 12

105 856 243 918 lacrimas
258 873 314 917 nec
328 857 421 934 ipsius
436 874 539 936 parem
554 859 585 919 in
601 861 682 918 omni
699 860 833 938 periculo
847 861 992 928 animum;
1008 858 1059 920 ab·
1083 883 1085 888 ’

105 939 315 1017 solveruntque
336 939 529 1002 admIratione
552 945 644 1021 magis
666 945 780 1006 virtutis
801 961 888 1022 quam
908 943 974 1002 iure
990 960 1059 1004 cau·

105 1041 166 1086 sae.
203 1024 316 1101 itaque,
337 1030 370 1083 ut
393 1023 498 1084 caedes
517 1027 671 1088 manifesta
692 1025 790 1104 aliquo
816 1036 914 1088 tamen
941 1025 1058 1104 piaculo

105 1106 248 1177 lueretur,
263 1108 440 1184 imperatum
457 1109 548 1186 patri,
565 1116 597 1169 ut
609 1109 701 1170 filium
719 1111 850 1188 expiaret
865 1111 990 1189 pecunia
1003 1127 1058 1187 pu·

104 1189 192 1251 blica.
221 1191 246 1250 is
267 1189 441 1266 quibusdam
462 1191 661 1269 piacularibus
687 1194 839 1254 sacrificiis
861 1195 958 1262 lactis,
983 1209 1058 1270 quae
1078 1200 1110 1264 le

105 1273 212 1336 deinde
234 1273 314 1350 genti
333 1273 472 1336 Horatiae
495 1275 600 1335 tradita
619 1283 701 1345 sunt,
726 1278 898 1336 transmisso
912 1293 967 1353 per
982 1276 1059 1334 viam

105 1355 199 1434 tigillo
216 1358 316 1435 capite
326 1357 468 1435 adoperto
484 1356 562 1419 velut
575 1357 628 1418 sub
645 1361 746 1436 iugum
762 1361 842 1420 misit
853 1361 998 1420 iuvenem.
1007 1359 1058 1418 *id

105 1441 195 1502 hodie
211 1448 330 1518 quoque
343 1439 463 1519 publice
476 1459 594 1519 semper
609 1442 754 1503 relectum
775 1451 886 1510 manet:
910 1442 1058 1502 sororium
1078 1445 1108 1495 lt

105 1523 231 1602 tigillum
249 1531 361 1584 vocant.
341 1523 527 1585 tHoratiae
544 1525 728 1602 sepulcrum,
750 1543 808 1603 quo
825 1525 891 1621 loco
907 1533 1059 1587 corruerat

106 1609 173 1677 icta,
190 1614 392 1668 constructum
407 1615 451 1668 est
465 1626 538 1668 saxo
552 1609 703 1686 quadrato.

168 1689 280 1752 XXVII.
309 1689 370 1751 Nec
393 1691 442 1750 diu
464 1708 522 1770 pax
546 1690 658 1752 Albana
685 1693 799 1754 mansit.
838 1692 945 1754 inuidia
970 1691 1092 1770 vulgil

103 1775 186 1853 quod
212 1773 307 1834 tribus
334 1771 476 1835 militibus
505 1773 621 1835 fortuna
646 1775 764 1854 publica
790 1777 945 1837 commissa
960 1775 1058 1846 luerit,

109 1873 213 1918 vanum
234 1858 386 1935 ingenium
406 1857 556 1920 dictatoris
581 1861 729 1938 corrupit,
752 1867 795 1928 et,
819 1860 958 1937 quonlam
978 1867 1059 1920 recta

107 1940 228 2004 consilia
243 1941 322 2002 haud
335 1939 413 2002 bene
433 1948 605 2012 evenerant,
630 1944 728 2040 prauis
750 1939 945 2004 reconciliare
964 1958 1059 2041 popu·

107 2026 213 2087 larium
230 2026 343 2086 animos
358 2025 464 2103 coepit.
496 2026 585 2102 Igitur
602 2033 634 2085 ut
647 2027 730 2104 prius
744 2026 776 2086 ιιι
790 2023 869 2086 bello
887 2041 1000 2102 pacem,
1017 2025 1060 2086 sic
1077 2046 1093 2094 ι

106 2112 139 2170 ιι
160 2127 233 2188 pace
253 2107 364 2169 bellum
388 2124 548 2185 quaerens,
576 2110 643 2186 quia
668 2126 739 2170 suae
766 2110 872 2170 civitati
894 2109 1060 2169 animorum

106 2193 175 2273 plus
190 2209 277 2270 quam
297 2193 403 2252 virium
420 2191 560 2253 cernebat
581 2211 659 2262 esse,
679 2193 715 2252 ad
731 2191 843 2254 bellum
857 2190 955 2270 palam
972 2198 1060 2268 atquc

106 2295 145 2338 ex
168 2276 263 2342 edicto
284 2275 449 2354 gerundum
465 2275 538 2336 alios
553 2277 680 2336 concitat
693 2275 829 2354 populos,
848 2277 908 2337 suis
922 2293 977 2355 per
994 2293 1060 2353 spe·

4 2409 6 2416 .
107 2361 185 2422 clem
201 2359 347 2421 societatls
369 2358 566 2436 proditionem
583 2367 721 2420 reservat.
752 2359 922 2428 Fidenates,
945 2357 1060 2418 colonia
1079 2366 1095 2417 3

105 2445 248 2513 Romana,
266 2441 436 2504 Veientibus
451 2443 538 2504 sociis
556 2441 671 2504 consilii
689 2442 850 2520 adsumptis
864 2448 949 2520 pacto
966 2449 1060 2502 trans·

107 2529 209 2588 ltionis
223 2525 454 2587 Albanorum'ad
468 2524 581 2587 bellum
596 2533 683 2602 atque
699 2543 780 2586 arma
794 2525 964 2585 incitantur.
994 2541 1062 2583 cum
1079 2535 1095 2581 ι

106 2609 237 2672 Fidenae
253 2617 355 2687 aperte
368 2608 545 2678 descissent,
562 2607 664 2670 Tullus
676 2607 776 2669 Mettio
793 2609 982 2683 exercituque
1000 2607 1061 2667 eius

107 2693 145 2756 ab
165 2691 237 2754 liba
258 2693 351 2754 accito
375 2700 477 2753 contra
498 2693 598 2753 hostes
620 2692 707 2752 ducit.
730 2691 781 2752 ubi
802 2691 944 2752 Anienem
966 2696 1061 2751 trans·

106 2778 156 2847 iit,
183 2776 220 2838 ad
243 2776 417 2838 confluentis
443 2774 568 2836 collocat
589 2783 693 2838 castra
725 2777 802 2836 inter
824 2793 891 2836 eum
911 2773 1009 2834 locum
1035 2781 1063 2834 et
1141 2841 1145 2848 ¹

107 2859 235 2921 Fidenas
259 2859 424 2920 Veientium
453 2859 598 2921 exercitus
623 2858 753 2920 Tiberim
777 2860 942 2920 transierat.
977 2857 1021 2916 hi
1035 2864 1096 2918 eto

108 2947 141 3006 in
154 2946 219 3006 acie
239 2960 335 3022 prope
349 2942 459 3003 llumen
474 2950 597 3004 tenuere
611 2943 745 3004 dextrum
766 2958 926 3013 cornu,m
895 2942 1061 3003 insinistro

108 3028 266 3090 Fidenates
289 3027 413 3106 propius
438 3034 552 3088 montes
579 3027 750 3087 consistunt.
795 3025 898 3087 'lullus
924 3025 1063 3086 adversus

108 3109 260 3174 Veientem
281 3109 398 3172 hostem
416 3110 524 3187 derigit
542 3125 625 3178 suos;
646 3108 775 3169 Albanos
796 3116 898 3169 contra
915 3107 1062 3186 legionem
1142 3167 1146 3176 ,

107 3194 294 3257 Fidenatium
319 3192 452 3254 collocat
483 3191 594 3254 Albano
618 3209 678 3252 non
697 3191 763 3270 plus
785 3193 874 3252 animi
895 3197 957 3252 erat
976 3208 1063 3268 quam

106 3284 186 3348 fidei.
219 3295 275 3338 nec
295 3294 415 3338 manere
432 3294 502 3355 argo
523 3294 580 3338 nec
592 3277 718 3337 transire
734 3283 836 3353 aperte
852 3291 939 3336 ausus
954 3275 1063 3336 sensim

107 3367 145 3428 ad
170 3371 287 3428 montes
315 3360 453 3422 succedit.
488 3360 573 3430 inde,
599 3359 651 3419 ubi
675 3360 744 3440 satis
765 3357 879 3420 subisse
900 3378 964 3422 sese
982 3365 1098 3419 retuso

108 3458 167 3520 est,
190 3451 277 3526 erigit
298 3451 387 3504 totam
409 3445 519 3512 aciem,
541 3443 743 3522 fluctuansque
765 3443 880 3514 animo,
902 3450 935 3504 ut
954 3448 1063 3504 tereret
