2580 3954
9 117 16 288 l
239 252 335 293 annue
350 251 393 292 rv.
421 250 491 292 oar.
508 244 552 295 50.
567 243 611 296 51.
641 230 680 312 [a.
697 231 730 293 Ο.
746 241 806 295 414.
824 233 887 309 413]
978 237 1045 316 245,

83 402 130 462 ois
152 398 387 478 quaestionibus,
413 397 582 459 crudelibus
604 398 763 477 suppliciis,
800 405 951 478 postremo
973 419 1040 462 cum

9 521 10 524 =
81 484 204 544 modum
231 484 294 544 irae
315 479 427 541 nullum
454 482 580 552 laceret,
606 483 643 542 ad
665 481 904 544 uociferationem
927 501 1039 554 eorum,
1097 489 1099 496 '

83 585 158 646 quos
180 567 282 627 necari
305 563 360 626 sub
385 571 466 626 crate
487 565 630 635 iusserat,
652 583 799 627 concursu
819 566 897 626 iacto
918 567 982 644 ipse
1004 567 1040 628 ad

83 648 299 728 interpellantis
321 665 448 726 Poenam
471 666 574 709 vecors
596 649 632 710 dc
656 647 795 710 tribunali
822 649 962 711 decurrit.
998 650 1074 716 ibit

82 751 151 795 cum
168 732 374 794 submoventes
384 731 627 811 passimlictores
643 733 889 812 centurionesque
900 742 1041 795 vexarent

81 817 215 886 turbam,
243 835 279 876 eo
305 815 467 892 indignatio
497 817 610 894 erupit,
642 824 676 876 ut
696 815 833 878 uibunus
853 815 979 878 rnilitum
1002 817 1038 878 ab

81 903 217 963 exercitu
237 918 290 961 suo
309 897 456 978 lapidibus
477 901 691 979 cooperiretur.
721 901 799 979 quod
815 909 875 960 tam
893 907 978 962 atrox
996 901 1074 969 iao

82 986 165 1046 cirrus
185 991 341 1063 postquam
363 990 407 1043 est
421 982 545 1052 Romam
560 985 742 1053 nuntiatum,
768 984 894 1045 tribunis
914 984 1039 1046 militum

81 1068 118 1128 de
133 1075 229 1130 morte
244 1067 375 1143 collegae
389 1083 444 1144 per
460 1073 593 1126 senatum
609 1069 796 1142 quaestiones
809 1069 1040 1135 decernentibus

80 1149 193 1212 tribuni
212 1150 308 1228 plebis
327 1147 561 1209 intercedebant
591 1151 643 1209 sed
660 1168 695 1210 ea
717 1153 866 1210 contentio
888 1169 924 1210 ex
945 1159 1073 1220 certa-7

79 1236 161 1294 mine
176 1233 233 1292 alio
250 1231 413 1310 pendebat,
431 1231 510 1307 quod
526 1249 597 1291 cura
611 1233 773 1293 incesserat
783 1241 897 1310 patres,
910 1251 948 1294 ne
959 1243 1040 1295 metu

81 1317 287 1394 quaestionum
303 1313 389 1393 plebs
399 1315 503 1390 iraque
518 1313 653 1376 tribunos
667 1314 792 1375 militum
804 1335 840 1377 ex
852 1315 940 1395 plebe
956 1335 1038 1378 crea·

80 1409 142 1470 ret,
167 1397 386 1475 tendebantque
408 1415 521 1458 summa
543 1415 613 1476 ope,
641 1405 673 1458 ut
699 1398 835 1460 consules
856 1409 1037 1462 crearentur.
1113 1405 1116 1412 '

80 1501 149 1545 cum
160 1491 278 1544 senatus
291 1479 457 1542 consultum
471 1481 537 1541 fieri
548 1481 662 1542 tribuni
673 1481 768 1560 plebis
782 1501 842 1544 non
857 1493 1037 1562 paterentur,
1057 1503 1073 1552 8

79 1567 159 1629 idem
173 1565 392 1626 intercederent
407 1563 611 1626 consularibus
628 1566 773 1637 comitiis,
794 1585 842 1628 res
860 1568 897 1627 ad
912 1569 1039 1631 interre-

80 1668 170 1730 gnum
183 1649 280 1711 rediit.
315 1649 437 1709 uictoria
452 1647 558 1713 deinde
572 1667 665 1727 penes
682 1659 782 1729 patres
796 1651 859 1710 luit.

140 1733 185 1794 LI.
216 1730 249 1801 Q.
266 1731 359 1793 Fabio
371 1730 516 1792 Vibulano
530 1733 680 1810 interrege
696 1735 813 1812 comitia
823 1733 951 1796 habente
967 1753 1037 1794 con·
1059 1750 1070 1799 1

79 1817 159 1879 sules
183 1819 274 1877 creati
294 1823 362 1876 sunt
375 1816 412 1877 Α.
431 1815 585 1877 Cornelius
603 1817 710 1878 Cossus
731 1816 765 1877 L·
783 1817 890 1878 Furius
902 1817 1036 1879 Medulli-

79 1919 145 1962 nus.
175 1900 222 1960 his
237 1897 409 1959 consulibus
423 1899 571 1977 principio
592 1901 663 1959 anni
678 1908 796 1961 senatus
812 1900 979 1962 consultum
993 1901 1035 1962 la·
1054 1919 1070 1966 2

80 1993 159 2046 ctum
180 1990 238 2052 est,
260 1991 293 2042 ut
314 1982 351 2042 de
373 1983 544 2058 quaestione
566 1983 773 2046 Postumianae
800 1985 898 2046 caedis
925 1983 1037 2045 tribuni

79 2069 176 2147 primo
189 2082 306 2143 quoque
317 2076 452 2144 tempore
464 2065 500 2126 ad
511 2064 631 2144 plebem
640 2066 765 2137 ferrent,
777 2066 939 2146 plebesque
949 2086 1036 2148 prae-

78 2152 182 2218 ficeret
202 2150 365 2228 quaestioni
386 2166 475 2226 quem
498 2149 592 2211 vellet.
624 2170 641 2211 a
660 2150 749 2230 plebe
770 2169 916 2214 consensu
934 2152 1036 2232 populi
1053 2170 1070 2222 3

79 2232 250 2296 oonsulibus
265 2235 416 2312 negotium
436 2232 604 2302 mandatum
629 2236 679 2312 qui
700 2253 813 2296 summa
834 2233 1036 2298 moderatione

80 2337 115 2380 ac
129 2316 248 2380 lenitate
269 2335 325 2396 per
342 2335 505 2396 paucorum
522 2317 713 2396 supplicium,
737 2336 810 2396 quos
824 2318 1036 2398 sibimetipsos

81 2405 230 2464 conscisse
245 2409 371 2463 mortem
387 2403 457 2462 satis
470 2401 615 2464 creditum
630 2411 688 2472 est,
712 2411 859 2462 transacta
880 2421 914 2463 re
933 2406 1037 2480 nequi-

79 2504 149 2546 vere
165 2495 263 2546 tamen
286 2487 442 2562 consequi,
462 2496 576 2544 utnon
597 2486 761 2562 aegerrime
778 2485 809 2546 id
829 2484 915 2564 plebs
935 2483 1036 2546 lerret.

80 2571 258 2637 laceratam
278 2568 329 2628 diu
349 2569 454 2628 inritas
475 2569 622 2637 actiones,
645 2584 720 2645 quae
739 2568 776 2630 de
796 2570 857 2630 suis
875 2569 1070 2649 commodis-4

80 2654 246 2722 ferrentur,
271 2669 340 2712 cum
353 2646 473 2712 interim
488 2651 525 2712 de
542 2653 684 2730 sanguine
700 2669 734 2711 ac
757 2651 902 2731 supplicio
923 2670 977 2714 suo
994 2652 1035 2712 la·

9 2757 11 2806 i
79 2746 139 2796 tam
155 2735 252 2813 legem
268 2736 423 2796 confestim
438 2737 572 2796 exerceri
587 2743 615 2796 et
629 2743 739 2795 tantam
754 2735 811 2794 vim
832 2734 954 2797 habere.
985 2753 1035 2814 ap·
1054 2749 1071 2800 5

80 2820 224 2880 tissimum
239 2827 355 2898 tempus
374 2815 472 2879 luerat
483 2818 636 2878 undicatis
647 2818 840 2892 seditionibus
854 2818 1036 2880 delenimen-

81 2911 143 2963 tum
160 2902 265 2964 animis
278 2902 384 2962 Roiani
405 2904 469 2980 agri
493 2902 665 2964 divisionem
686 2901 779 2973 obici,
801 2920 859 2980 quo
883 2902 961 2964 facto
981 2905 1036 2963 mi·

9 3061 10 3064 Ἴ
81 2987 215 3045 nuissent
231 2985 409 3046 desiderium
425 2988 558 3063 agrariae
571 2986 659 3062 legis,
678 3003 752 3064 quae
767 3005 903 3064 possesso
921 3005 976 3065 per
990 2989 1034 3046 in·

80 3069 188 3129 iuriam
202 3084 273 3144 agro
287 3067 407 3146 publico
431 3078 530 3147 patres
554 3069 690 3149 pellebat.
720 3078 791 3130 tunc
811 3070 885 3130 haec
907 3072 971 3148 ipsa
990 3071 1070 3131 ind

80 3152 206 3229 dignitas
221 3150 348 3228 angebat
362 3153 491 3224 animos,
506 3170 567 3213 non
581 3156 613 3212 in
629 3153 792 3214 retinendis
805 3153 893 3213 modo
907 3150 1035 3231 publicis

80 3237 173 3313 agris,
196 3253 272 3313 quos
290 3237 318 3294 vi
332 3243 461 3305 teneret,
483 3239 666 3316 pertimeant
681 3234 864 3296 nobilitatem
886 3254 966 3306 esse,
982 3235 1035 3300 sed

79 3337 118 3381 ne
128 3336 253 3380 vacuum
268 3319 388 3398 qudem
402 3336 506 3397 agrum
520 3338 616 3398 nuper
634 3339 670 3382 ex
683 3318 817 3381 hostibus
828 3327 945 3398 captum
956 3317 1037 3398 plebi

18 3460 21 3469 ,
80 3403 226 3473 dividere,
244 3421 313 3464 mox
329 3403 432 3482 paucis
454 3411 487 3464 ut
503 3412 601 3464 cetera
617 3405 748 3464 futurum
768 3403 904 3481 praedae.
925 3437 961 3448 --
978 3403 1036 3463 Eo·
1054 3411 1070 3460 7

80 3487 146 3547 dem
169 3503 246 3545 anno
266 3487 405 3548 adversus
418 3483 538 3548 Volscos
553 3485 728 3565 populantes
742 3487 940 3548 Hernicorum
962 3487 1036 3547 lines
