2522 3954
292 225 340 273 ml
354 225 428 274 s1u1
443 225 529 274 L1v11
545 226 627 275 vm
642 227 687 274 ltu·
702 226 865 276 scurrula.
996 227 1054 275 xtt

92 395 211 445 aetatem
228 403 283 443 non
303 385 460 449 defuerunt,
477 385 523 459 qui
539 383 736 460 intelligerent,
758 402 838 462 quam
853 386 937 444 multa
953 386 979 442 in
995 383 1054 443 illo·

91 487 154 528 roim
177 477 331 546 temporum
347 467 461 526 historia
483 469 586 527 incerta
605 477 708 533 essent,
724 485 867 544 veramque
887 487 981 528 eorum
1000 485 1055 526 me·

91 552 209 612 moriam
222 569 279 610 nou
291 560 397 611 exstars
410 552 621 628 perspexissent,
636 561 725 610 tamen
739 569 773 610 ne
787 553 937 612 doctissimi
948 552 1054 628 quidem

92 646 121 696 et
137 636 288 697 acutissimi
303 644 493 712 praeterquam
508 637 535 695 in
546 637 657 694 minutis
668 636 749 696 rebus
761 654 776 694 a
790 635 895 712 vulgari
912 635 1055 696 traditione

92 723 223 781 recedere
239 721 298 779 ausi
313 713 444 793 suntffl).
472 719 511 777 lta
526 719 607 778 etiam
625 720 700 778 bivio
717 737 876 796 persuasum
891 730 950 779 erat
967 719 1056 796 plera·
1073 751 1075 758 ·

94 822 157 880 qua.
173 821 244 881 quae
257 821 290 862 ex
306 804 403 880 priscis
418 804 586 879 temporibus
599 811 796 879 repeterentur,
811 805 892 862 dubia
906 821 974 862 esse.
990 803 1055 861 llam

93 907 183 965 „quae
199 896 261 946 ante
271 887 407 947 conditam
417 887 613 946 condendamve
623 888 718 946 urbem
731 889 846 964 poeticis
861 889 947 964 magis
958 889 1055 956 decora

93 972 195 1031 labulis
213 989 294 1047 quam
311 971 477 1046 incorruptis
491 987 583 1029 rerum
597 980 736 1046 gestarum
750 974 952 1031 monumentis“
968 973 1052 1030 trade·

92 1065 200 1122 rentum,
212 1073 243 1114 ea
255 1073 324 1121 „nec
335 1055 475 1113 adfirmare
492 1071 542 1112 nec
556 1054 702 1113 refellens·
718 1057 742 1112 ei
755 1056 782 1112 in
794 1057 883 1116 animo
898 1058 957 1121 fuit,
970 1056 1054 1130 prael.

92 1148 117 1206 6,
134 1148 163 1198 et
176 1140 207 1205 V,
219 1147 262 1204 21,
277 1147 309 1201 9:
330 1135 395 1204 „sed
411 1139 439 1196 in
453 1139 534 1196 rebus
553 1135 606 1196 tam
623 1140 741 1214 antiquis
757 1140 846 1214 inquit
861 1141 885 1196 si
900 1157 968 1215 quac
983 1138 1055 1197 simi·

93 1225 130 1282 lia
144 1224 200 1281 veri
212 1224 275 1288 sint,
289 1239 341 1299 pro
352 1223 423 1280 veris
434 1223 609 1298 accipiantur,
625 1223 690 1281 satis
702 1223 829 1280 babeam:
844 1223 910 1282 haec
921 1225 952 1282 ad
965 1231 1056 1281 osten·

93 1309 226 1366 tationem
242 1323 338 1366 scenae
353 1303 496 1381 gaudentis
508 1305 645 1364 miraculis
659 1306 765 1380 aptiora
777 1323 857 1380 quam
872 1308 906 1364 ad
920 1306 998 1363 dialem
1009 1323 1055 1364 ne·

95 1409 148 1468 que
163 1390 306 1449 adfirmare
324 1405 411 1464 neque
425 1388 551 1448 refellere
566 1398 609 1446 est
620 1405 719 1465 operae
729 1389 881 1464 pretium,“
896 1398 924 1448 et
939 1389 1056 1455 vl,1‚n

94 1493 162 1552 quas
178 1475 298 1550 quinque
314 1469 454 1549 prioribus
467 1472 544 1530 libris
559 1473 716 1548 exposuerit
731 1489 774 1530 res
791 1491 851 1532 cum
867 1481 1000 1532 vetustate
1015 1474 1054 1530 ni·

93 1561 147 1618 mia
164 1558 293 1618 obscuras
310 1574 370 1615 esse
385 1557 494 1621 latetur,
512 1556 585 1614 velut
600 1575 669 1631 quae
684 1574 782 1632 magno
797 1575 829 1615 ex
843 1557 985 1616 intervallo
1002 1557 1055 1615 loci

92 1651 250 1707 cernantur,
265 1651 321 1700 tum
332 1639 405 1716 qnod
419 1657 515 1716 parvae
527 1649 556 1698 et
569 1658 645 1698 raras
658 1658 707 1717 per
718 1642 810 1698 eadem
825 1648 947 1716 tempora
961 1641 1055 1700 literae

94 1729 211 1791 luerint,
240 1743 293 1784 uua
316 1725 440 1784 custodia
463 1723 549 1782 fidelis
568 1723 714 1782 memoriae
741 1741 832 1782 rerum
853 1733 1007 1800 gestarum,
1028 1731 1055 1783 ct

93 1812 177 1887 quod,
195 1810 301 1868 etiamsi
318 1826 387 1884 quae
403 1809 431 1865 in
446 1808 648 1867 commentariis
661 1808 820 1883 pontificum
837 1808 951 1883 aliisquo
966 1806 1055 1883 publi-

92 1897 133 1954 cis
148 1894 317 1970 privatisque
332 1892 434 1951 luerint
449 1892 756 1956 monumentis,incensa
769 1891 837 1950 urbe
851 1892 983 1966 pleraque
994 1909 1055 1968 per-

94 1982 185 2038 ierint.
229 1977 281 2036 Sed
301 1977 383 2036 etiam
401 1977 569 2050 insequentis
588 1976 718 2050 temporis
735 1975 887 2040 historiam,
903 1991 983 2050 quam
997 1992 1055 2034 oer-

94 2077 148 2122 tam
163 2064 216 2121 iam
233 2077 293 2120 esse
307 2059 511 2136 exspectaveris,
527 2075 582 2117 non
597 2057 706 2116 omnino
722 2057 773 2116 fide
787 2059 896 2134 dignam
913 2075 973 2117 esse
990 2077 1055 2134 que-

93 2148 172 2210 ritur.
191 2145 248 2210 Vll,
266 2151 327 2210 6,6
346 2145 414 2202 viam
435 2160 496 2202 esse
514 2151 605 2218 negat,
621 2159 689 2218 quac
709 2143 742 2201 ad
759 2159 852 2200 verum
873 2143 1054 2218 inquirentem

92 2232 189 2295 ducat,
206 2246 318 2304 eamque
336 2228 370 2286 ob
386 2245 494 2286 causam
510 2228 578 2284 lama
593 2243 684 2284 rerum
701 2227 825 2285 standum
840 2243 913 2291 esse,
932 2227 979 2285 ubi
996 2243 1054 2286 cer·

94 2324 147 2374 um
161 2314 278 2389 deroget
292 2320 412 2370 vetustas
428 2311 520 2376 fidem,
536 2318 566 2368 et
578 2310 648 2376 vul,
662 2318 705 2376 40,
724 2318 741 2371 4
754 2311 873 2370 vitiatam
894 2310 985 2386 arguit
1000 2328 1044 2368 nro

92 2399 206 2457 moriam
217 2395 377 2456 funebribus
391 2395 523 2460 laudibus,
539 2395 600 2453 inde
614 2403 642 2452 ct
656 2394 764 2472 publica
775 2405 948 2454 monumenta
964 2412 1054 2454 rerum

93 2482 215 2546 confusa,
231 2497 280 2540 nec
297 2496 458 2556 quemquam
474 2478 612 2554 aequalem
632 2479 799 2554 temporibus
821 2477 875 2536 illis
892 2480 1054 2554 scriptorem

93 2574 214 2629 exstars,
236 2581 289 2640 quo
304 2565 371 2622 satis
386 2571 461 2623 certo
479 2572 574 2620 autore
591 2556 747 2636 stetur¹¹⁷).
778 2562 848 2620 llaec
863 2572 891 2620 et
909 2549 961 2618 alia
982 2561 1053 2626 talia,

94 2666 256 2724 quamquam
276 2645 407 2723 pleraque
428 2648 461 2705 dc
483 2645 598 2720 singulis
617 2645 776 2720 quibusdam
795 2645 877 2704 rebus
897 2654 961 2704 sunt
975 2646 1052 2710 diota.

94 2742 183 2790 tamen
203 2733 275 2807 quod
293 2730 359 2788 Livii
375 2731 409 2788 de
429 2730 463 2788 iis
484 2730 597 2787 maxime
614 2729 709 2794 rebus,
726 2729 838 2803 quaein
855 2731 941 2806 prima
955 2731 1053 2789 decada

93 2823 254 2880 narrantur,
276 2814 405 2873 iudicium
425 2815 521 2877 luerit,
542 2813 608 2870 satis
629 2813 771 2888 aperiunt:
794 2814 841 2871 sed
858 2831 937 2889 mnam
952 2815 1054 2872 incerta

93 2909 187 2958 essent
207 2900 338 2958 indicasse
360 2906 506 2956 contentus
524 2897 631 2954 veriora
654 2913 783 2971 quaerere
799 2914 855 2955 non
874 2905 988 2956 conatus
1002 2907 1053 2961 est,

94 2984 148 3041 sire
164 2984 228 3058 quia
240 2981 377 3041 difficilius
392 2987 420 3041 et
435 2998 450 3039 a
464 2995 514 3038 suo
528 2979 643 3039 consilio
654 2980 770 3038 alienum
784 2981 897 3057 putavit,
914 2981 970 3039 sive
982 2981 1054 3056 quod

93 3067 237 3125 verebatur
251 3083 282 3124 ea
297 3065 449 3124 indubium
464 3081 569 3127 nocue,
584 3082 653 3139 quac
669 3071 772 3121 tantum
786 3081 840 3123 non
854 3065 978 3123 omnibus
993 3081 1053 3121 rena

94 3168 152 3208 esse
169 3150 344 3213 videbantur,
358 3150 414 3207 sive
429 3149 502 3223 quod
516 3147 567 3206 sibi
583 3156 768 3223 persuaserat,
787 3149 916 3224 quidquid
933 3149 1052 3223 indagari

95 3299 295 3314 ..a—tn*

162 3365 220 3430 116)
234 3367 371 3418 llommscn.
389 3366 406 3416 l.
419 3363 434 3415 l.
448 3365 481 3421 ll,
492 3362 543 3416 tta
555 3378 599 3429 sq,
617 3363 646 3414 ds
656 3363 753 3428 Polybio
766 3379 787 3414 v.
802 3363 947 3418 Lachmann.
960 3365 976 3424 l,
993 3361 1040 3412 109

95 3434 219 3484 ltroeclrsr.
233 3449 256 3497 p.
270 3430 332 3488 143:
346 3429 408 3490 151,
427 3432 456 3481 de
468 3431 556 3483 Catorw
568 3433 704 3482 Mommsen.
717 3432 734 3490 l,
748 3428 807 3485 905.

162 3497 221 3564 117)
234 3502 379 3552 Lachmann.
392 3499 410 3557 1,
422 3495 456 3548 49
467 3513 518 3563 sq:
536 3499 612 3551 lewis
623 3500 641 3554 l,
653 3497 712 3548 eto.
