2580 3954
229 187 290 248 240
375 200 470 242 crass
486 200 530 242 ιν.
552 199 621 242 car.
637 190 681 244 ts.
696 191 740 246 46.
764 188 804 255 [a.
820 203 849 242 u,
867 203 892 241 ο,
907 181 1034 260 336.338]

228 347 308 409 ulla“
322 348 418 425 inquit
433 365 509 419 „nec
522 349 568 409 rei
582 346 718 426 publicae
737 355 782 410 est
796 347 986 420 verecundia,
1006 351 1100 428 patria
1117 367 1183 410 ma·
1271 377 1272 420 t

229 434 316 493 testas
332 430 552 492 altercationem
570 433 655 492 utam
671 431 803 492 dirimet:
820 430 898 493 iilius
916 449 999 494 meus
1016 439 1098 496 extra
1115 449 1181 494 sor-

227 525 287 577 tem
310 514 379 576 urbi
401 516 540 593 praeerit.
566 514 678 576 bellum
693 517 804 575 utinam
823 516 875 591 qui
889 515 1029 593 adpetunt
1045 516 1182 578 conside·

228 600 320 660 ratius
335 599 570 675 concordiusque
587 615 675 676 quam
690 598 812 676 cupiunt
825 605 959 675 gerant‚⁴‘

199 691 211 740 t
291 680 387 743 xcvi.
418 681 563 743 Dilectum
588 680 694 742 baberi
712 698 773 741 non
795 699 830 742 ex
857 687 919 742 toto
940 683 1049 761 passim
1067 681 1180 761 populo

227 765 353 846 placuit:
374 765 477 828 decem
497 764 590 826 tribus
604 773 684 826 sorte
705 765 809 826 ducue
824 772 900 826 sunt.
928 764 1032 827 erbis
1053 767 1181 844 scriptos

194 861 211 910 a
228 852 360 911 iuniores
377 848 436 908 duo
451 847 563 909 tribuni
576 848 613 908 ad
628 846 740 909 bellum
761 848 880 910 duxere.
912 855 1015 927 co'epta
1030 849 1107 910 iuter
1128 867 1180 910 eos

228 935 259 994 in
274 931 349 992 urbe
364 933 523 994 certamina
540 931 698 1010 cupiditate
716 931 818 994 cadem
834 933 953 1010 imperii
967 930 1058 992 multo
1074 933 1180 1010 inpen-

229 1017 289 1078 sius
304 1016 334 1075 in
351 1015 454 1077 castris
473 1015 609 1076 accendi:
631 1014 705 1075 nihil
722 1016 831 1078 sentire
848 1015 943 1086 idem,
960 1017 1181 1093 presententia

228 1115 376 1179 pugnare,
404 1115 456 1160 sua
478 1098 599 1160 consilia
620 1097 694 1160 velle
715 1117 767 1160 sua
787 1099 912 1177 imperia
933 1097 996 1160 sola
1019 1105 1081 1159 rata
1103 1117 1180 1169 esse,

194 1193 211 1244 3
229 1189 419 1245 contemnere
435 1182 569 1243 invicem
587 1188 617 1243 et
628 1183 793 1249 contemni,
808 1182 902 1243 donec
914 1181 1122 1259 castigantibus
1136 1181 1180 1244 le·

228 1268 302 1345 gatis
316 1266 434 1328 modom
448 1267 488 1327 ita
503 1273 704 1344 comparatum
718 1273 776 1336 est,
793 1272 827 1325 ut
840 1263 961 1327 alternis
974 1263 1079 1327 diebus
1099 1283 1181 1327 sum·

193 1363 211 1412 4
228 1367 305 1410 mam
322 1351 440 1428 imperii
459 1347 612 1410 baberent.
649 1366 725 1427 quae
746 1365 813 1410 cum
828 1346 913 1410 allata
928 1348 1052 1410 Romam
1072 1357 1180 1420 essem,

228 1433 335 1494 dicitur
348 1430 381 1502 Q.
398 1431 552 1502 Servilius,
571 1439 664 1494 aetate
675 1440 706 1493 et
718 1451 774 1494 usu
786 1431 903 1502 doctus,
918 1439 1055 1511 precatus
1070 1431 1107 1493 ab
1124 1433 1181 1494 diis
1272 1479 1273 1500 ,

227 1514 448 1584 inmortalibus,
476 1532 514 1576 ne
539 1515 687 1576 discordia
717 1514 905 1576 tribunorum
933 1516 1102 1576 damnosior
1134 1516 1182 1576 rei

227 1597 365 1678 publicae
381 1606 472 1669 esset,
492 1614 581 1676 quiam
597 1598 634 1659 ad
647 1600 734 1660 Veios
747 1600 865 1669 luisset,
882 1606 911 1661 et
927 1597 1006 1661 reiut
1028 1599 1107 1660 baud
1125 1600 1180 1660 du·

226 1681 276 1742 bia
292 1682 374 1744 clade
392 1682 555 1745 inminente
570 1682 709 1744 institisse
724 1681 801 1753 illio,
823 1690 855 1743 ut
871 1681 978 1744 milites
991 1681 1137 1744 scriberet
1151 1691 1182 1744 et

194 1778 210 1829 a
227 1783 308 1827 arma
323 1773 449 1845 pararet.
466 1783 522 1828 nec
542 1765 633 1828 falsus
650 1773 729 1828 vates
749 1766 812 1828 luit.
841 1783 910 1827 nam
929 1766 1018 1828 ductu
1034 1765 1066 1828 L.
1083 1767 1180 1844 Sergi,

227 1850 309 1912 cuius
328 1850 390 1914 dies
410 1849 529 1928 imperii
551 1856 629 1920 erat,
652 1848 718 1910 looo
733 1850 834 1928 iniquo
849 1848 903 1910 sub
921 1849 1050 1912 bostium
1065 1851 1181 1920 castris,

212 1945 309 2004 cum,
332 1934 399 2011 quia
421 1931 556 1994 simulato
571 1939 650 1994 metu
667 1940 823 2012 receperat
845 1952 877 1996 se
898 1932 991 1996 hostis
1010 1933 1047 1994 ad
1062 1932 1180 2003 vallum,

226 2035 293 2095 spes
304 2034 376 2078 vana
389 2016 576 2095 expugnandi
588 2024 683 2078 castra
695 2035 730 2078 eo
741 2018 885 2094 traxisset,
900 2017 1056 2095 repentino
1067 2018 1181 2095 impetu

226 2101 394 2177 Aequorum
405 2116 460 2178 per
474 2100 610 2179 supinam
621 2098 725 2162 vallem
736 2100 794 2162 lusi
805 2107 882 2170 suat,
899 2098 1041 2178 multique
1051 2101 1083 2160 in
1093 2102 1181 2160 ruina

192 2191 209 2242 6
226 2184 338 2245 maiore
356 2200 444 2260 quam
465 2183 534 2260 luga
550 2186 686 2261 oppressi
706 2183 941 2262 obtruncatique.
974 2190 1127 2261 castraque
1142 2202 1180 2244 eo

227 2265 273 2327 die
296 2283 385 2344 aegre
406 2271 520 2327 retenta
542 2272 661 2345 postero
677 2266 725 2328 die
741 2267 926 2329 circumfusis
947 2268 1006 2328 iam
1022 2284 1128 2344 magna
1143 2285 1182 2327 ex

226 2355 310 2429 parte
326 2347 459 2411 hostibus
472 2366 528 2428 per
544 2367 676 2412 aversam
691 2357 807 2429 portam
822 2351 891 2428 luga
901 2351 981 2429 turpi
992 2349 1169 2412 desmuntur
1273 2373 1274 2390 *

228 2434 316 2494 duces
338 2431 485 2511 legatique
506 2439 535 2493 et
557 2435 635 2512 quod
656 2435 732 2494 circa
758 2435 842 2512 signa
862 2433 979 2495 roboris
995 2432 1032 2495 de
1048 2436 1181 2494 exercitu

192 2523 207 2571 7
225 2517 281 2577 fuit
294 2515 454 2578 Tusculum
468 2518 591 2596 petiere.
618 2515 707 2596 palati
721 2515 770 2578 alii
783 2534 838 2596 per
852 2534 940 2595 agros
955 2518 1063 2596 passim
1080 2516 1181 2578 mutis

225 2598 380 2661 itineribus
395 2601 515 2661 maioris
530 2618 617 2678 quam
631 2608 752 2680 accepta
763 2608 826 2662 erat
842 2599 933 2662 cladis
946 2601 1043 2662 nuntii
1056 2600 1181 2661 Romam

191 2691 208 2742 a
226 2683 449 2744 contenderunt
482 2685 580 2744 minus
601 2684 805 2763 trepidationis
823 2684 893 2754 luit,
913 2684 992 2761 quod
1007 2691 1127 2746 eventus
1143 2685 1181 2743 ti·

225 2768 301 2826 mori
314 2765 468 2827 bominum
485 2784 652 2845 congruens
670 2768 782 2838 luerat,
799 2774 829 2830 et
843 2767 922 2845 quod
938 2766 1086 2839 subsidia,
1103 2784 1181 2844 quaa

225 2851 409 2929 respicerent
423 2851 456 2909 in
466 2866 501 2912 re
514 2850 643 2929 trepida,
658 2858 833 2931 praeparata
843 2859 927 2913 erant
940 2849 977 2911 ab
991 2849 1112 2912 tribuno
1124 2852 1180 2910 mi-

190 2932 317 2992 alitum.
343 2933 484 3009 iussuque
500 2933 632 2995 eiusdem
651 2951 706 3013 per
726 2936 857 2996 minores
877 2936 1063 3013 magistratus
1078 2934 1180 2996 sedato

224 3019 256 3076 in
278 3014 354 3077 urbe
379 3014 506 3078 tumultu
527 3017 726 3096 speculatores
746 3035 875 3098 propere
898 3019 980 3080 missi
1007 3018 1181 3078 nuntiavere

225 3098 346 3162 Tusculi
361 3099 452 3162 duces
467 3102 686 3180 exercitumque
700 3121 781 3172 esse,
797 3100 912 3164 bostem
927 3108 1023 3164 castra
1038 3100 1104 3162 loco
1118 3118 1181 3162 non

177 3189 208 3240 lo
225 3185 359 3246 movisse.
389 3190 432 3254 et,
450 3185 529 3262 quod
546 3184 707 3263 plurimum
722 3186 889 3246 animorum
902 3184 986 3256 lecit,
1002 3185 1126 3246 dictator
1143 3203 1181 3246 ex

225 3275 342 3328 senatus
365 3266 499 3328 consulto
528 3268 623 3330 dictus
644 3266 678 3338 Q.
701 3267 842 3330 Servilius
863 3268 996 3340 Priscus,
1024 3271 1068 3330 rir
1095 3270 1181 3328 cuius

225 3350 437 3426 providentiam
451 3352 483 3410 in
496 3369 530 3413 re
543 3351 662 3430 publica
677 3370 745 3413 cum
755 3351 854 3414 multis
873 3351 938 3414 aliis
958 3350 1182 3431 tempestatibus

225 3439 292 3492 ante
304 3439 423 3510 experta
438 3435 539 3496 civitas
554 3443 631 3505 erat,
649 3443 715 3496 tuna
729 3443 835 3497 aventu
849 3435 913 3496 eius
930 3434 1016 3507 belli,
1033 3435 1112 3514 quod
1127 3435 1183 3496 uni
