2534 3956
220 223 282 284 276
405 234 500 277 urana
518 233 549 276 v.
573 233 645 276 car.
659 225 699 278 19.
715 225 759 278 no.
787 211 827 295 [a.
843 235 873 274 u.
889 235 915 275 c.
930 212 994 297 358]

222 401 280 461 que
294 383 406 462 patriae
421 382 459 443 ll.
473 382 584 442 Furius
602 379 741 442 Camillus
755 379 880 440 dictamr
894 379 989 440 dictus
1006 379 1187 458 magistrum

187 466 354 544 aequitum
375 466 407 527 P.
432 463 600 527 Cornelium
621 462 890 541 Scipionem'dixit
932 463 1030 524 omnia
1055 473 1187 542 repente

221 555 405 612 mutaverant
413 550 730 626 imperatoremutato:
745 545 802 607 alia
814 563 897 623 spes,
912 544 987 606 alius
997 547 1114 618 animus
1125 547 1187 608 ho·

187 645 204 693 t
221 634 348 703 minum,
360 633 477 694 fortuna
490 646 608 709 quoqne
619 628 676 690 alia
686 627 770 690 urbis
781 629 883 690 videri.
904 629 1038 690 omnium
1050 631 1188 708 primum

220 717 252 776 iu
273 735 339 787 eos,
361 716 413 793 qni
433 715 531 775 aVeis
551 714 583 772 in
597 711 648 772 illo
663 729 772 790 pavore
789 712 940 790 fugerant,
958 728 1043 774 more
1059 712 1188 774 militari

166 858 174 876 ,
221 799 425 860 uumadvemt
454 798 625 874 eliecitque,
640 813 679 856 ne
693 795 785 858 hostis
796 795 923 858 maxime
934 795 1084 856 timendus
1095 793 1188 856 militi

202 919 208 932 ·
222 889 307 944 esset.
338 881 444 943 deinde
460 879 569 940 indicto
583 878 692 940 dilectu
709 879 741 938 iu
755 879 836 940 diem
849 885 960 939 certam
976 878 1042 956 ipse
1059 880 1187 940 interim

187 970 204 1022 t
222 965 307 1026 Veios
328 964 365 1025 ad
384 962 601 1024 confirmandos
621 960 746 1024 militum
767 961 880 1022 animos
899 962 1090 1030 intercurrite
1108 963 1187 1024 iude
1259 981 1260 986 ¹

220 1047 344 1108 Romam
364 1047 401 1108 ad
423 1045 613 1108 scribendum
634 1061 743 1106 novum
758 1045 920 1106 exercitum
933 1045 1011 1106 redit
1029 1043 1111 1105 nullo
1128 1046 1185 1108 de·

221 1135 364 1192 tractante
377 1131 520 1193 militiam.
552 1129 708 1208 peregrina
724 1129 977 1202 cumularemus,
996 1127 1185 1190 LatiuiHer-
1259 1183 1260 1208 p

220 1215 340 1292 uicique
359 1231 482 1293 operam
501 1230 585 1276 suam
608 1211 782 1291 pollicentes
805 1212 842 1272 ad
862 1211 893 1270 id
918 1207 1029 1272 bellum
1052 1229 1183 1282 venere;

186 1297 327 1376 aquom
347 1315 415 1359 cnm
437 1298 545 1376 gratias
564 1299 596 1356 iu
613 1303 716 1358 senatu
738 1297 846 1374 egisset
868 1294 1007 1364 dictator,
1030 1295 1101 1356 satis
1120 1296 1183 1356 iam

220 1379 358 1443 omnihus
378 1381 416 1442 ad
437 1381 467 1440 id
489 1379 601 1442 bellum
621 1379 731 1457 paratis
753 1378 841 1440 ludos
860 1394 982 1456 magnos
1002 1395 1039 1442 ex
1056 1385 1183 1440 senatus

220 1463 355 1526 consulto
379 1466 456 1528 vovit
475 1464 542 1524 Veis
562 1465 655 1542 captis
675 1481 707 1524 se
728 1462 876 1524 iacturum
895 1461 1058 1538 aedemque
1082 1461 1180 1522 Matu-
1259 1463 1260 1476 ³

220 1553 267 1608 tae
282 1549 384 1610 matris
399 1547 542 1608 relectam
557 1545 774 1615 dedicaturum,
789 1545 848 1604 iam
859 1541 979 1605 auteab
991 1544 1181 1622 rege-Servio
1259 1551 1260 1556 ’

188 1638 204 1686 a
221 1627 317 1690 Tullio
335 1629 508 1691 dedicatam.
540 1628 692 1707 proiectus
707 1645 774 1690 cuna
790 1629 922 1688 exercitu
946 1626 983 1687 ab
997 1627 1072 1688 urhe
1089 1646 1181 1706 expe-

220 1713 347 1774 ctatione
358 1713 515 1774 'hominum
532 1713 643 1778 maiore
664 1728 752 1789 quam
772 1728 825 1788 spe
844 1711 876 1772 in
891 1727 962 1788 agro
975 1711 1106 1789 primurn
1120 1711 1180 1773 Ne·
1259 1729 1260 1788 t

186 1803 202 1856 8
219 1797 324 1873 pcsiuc
338 1815 406 1858 cnm
426 1793 547 1856 Faliscis
560 1804 594 1856 :et
609 1793 804 1871 Capenatibus
824 1793 909 1871 signa
925 1793 1048 1856 confert.
1078 1797 1180 1854 omnia

220 1877 262 1938 lbi
276 1897 390 1942 summa
406 1879 520 1940 ratione
536 1875 717 1955 consilioque
738 1883 801 1938 acta
819 1875 936 1938 fortuna
958 1876 1061 1946 etiam,
1084 1885 1117 1938 ut
1137 1878 1178 1948 lit,

219 1970 319 2024 secuta
336 1970 388 2025 ost.
400 1977 479 2044 ,aton
499 1960 614 2039 proelio
635 1967 747 2022 mutum
767 1959 843 2020 iudit
861 1959 976 2030 hostes,
999 1961 1050 2021 sed
1071 1963 1179 2024 castris

220 2061 338 2123 quoqne
355 2045 450 2116 exuit,
474 2045 646 2122 ingentique
663 2043 774 2122 praeda
797 2051 841 2105 est
861 2045 986 2122 potitus;
1008 2044 1093 2107 cuius
1108 2061 1179 2122 pars

219 2130 344 2195 maxima
358 2128 396 2189 ad
412 2135 599 2205 quaestorem
611 2127 729 2188 redacta
744 2133 803 2196 est,
819 2125 906 2186 ¹haud
928 2127 968 2186 ita
978 2125 1107 2186 multum
1121 2129 1177 2186 mi·
1259 2177 1260 2188 t

185 2215 203 2266 n
219 2211 262 2272 liti
276 2211 390 2272 datum.
413 2211 486 2272 iude
509 2209 546 2270 ad
565 2211 651 2272 Veios
674 2211 819 2270 exercitus
837 2209 957 2279 ductus,
979 2209 1177 2288 densioraque

220 2291 444 2362 castellaiacta,
459 2299 518 2354 eta
534 2291 823 2372 procursationibus,
840 2309 923 2368 quae
938 2291 1047 2354 multae
1062 2299 1177 2356 temere

218 2377 296 2438 inter
311 2391 430 2438 murum
452 2395 487 2437 ac
506 2375 613 2436 vallum
635 2374 759 2445 tiebaut,
782 2373 893 2446 edicto,
914 2394 952 2436 ne
975 2377 1040 2452 quis
1062 2377 1177 2438 iniussn

172 2467 379 2537 inpugnaret,
394 2459 431 2524 ad
449 2477 523 2539 opus
538 2459 645 2522 milites
661 2457 796 2518 traducti.
823 2477 954 2536 ,operum
973 2460 1029 2519 lnit
1044 2461 1175 2521 omnium

219 2542 309 2621 longo
323 2545 487 2609 maximum
508 2561 543 2604 ac
560 2540 823 2604 laboriosissimum
845 2541 998 2603 cuniculus
1024 2544 1056 2602 iu
1075 2559 1175 2604 arcem

172 2638 200 2689 11
219 2625 349 2688 hostium
362 2628 410 2704 agi
426 2633 556 2704 coeptus.
591 2626 669 2702 quod
687 2643 725 2686 ne
746 2625 989 2688 intermitteretur
1005 2643 1094 2704 opus,
1116 2642 1174 2688 neu
1259 2639 1260 2682 t

219 2709 366 2772 subterra
381 2711 538 2770 continuus
551 2707 637 2770 labor
651 2708 770 2770 eosdem
782 2708 955 2779 coniceret,
972 2710 1003 2768 in
1013 2715 1113 2786 partes
1123 2727 1173 2769 sex

219 2795 400 2854 munitorum
414 2809 570 2853 numerum
587 2793 698 2853 divisit:
719 2809 807 2854 senae
819 2791 912 2854 horae
927 2793 959 2852 in
974 2790 1077 2854 orbem
1091 2793 1175 2870 operi
1259 2799 1260 2844 ξ

153 2927 155 2932 ,
219 2874 376 2936 attributae
387 2882 470 2944 sunt,
483 2882 570 2936 nocte
581 2893 617 2936 ac
628 2875 676 2936 die
687 2891 847 2952 numquam
856 2881 925 2943 aute
935 2875 1075 2936 omusum
1087 2891 1173 2951 quam

219 2959 251 3016 iu
265 2975 365 3018 arcem
376 2959 452 3020 viam
466 2957 607 3020 lacerent

188 3055 201 3104 r
282 3038 344 3102 xx.
375 3040 504 3103 Dictator
524 3059 592 3105 curn
607 3043 667 3103 iam
687 3043 718 3102 in
735 3039 871 3104 manibus
893 3041 1005 3104 videret
1024 3041 1173 3103 victoriam
1259 3059 1260 3064 ¹

220 3141 299 3194 esse,
328 3123 432 3186 urbem
459 3123 711 3204 opulentissimam
735 3126 816 3203 capi,
849 3129 1021 3202 tantumque
1046 3123 1172 3202 praedae

219 3205 299 3278 iore,
321 3214 462 3285 quantum
478 3225 539 3268 non
555 3208 692 3270 omnibns
706 3209 737 3268 iu
753 3225 846 3269 unum
862 3207 986 3269 conlatis
1007 3215 1074 3270 ante
1088 3205 1173 3270 bellis

186 3301 203 3348 a
219 3289 380 3360 fuissetne
393 3308 480 3369 quam
491 3291 561 3353 iude
571 3298 622 3352 ant
631 3291 756 3352 militum
766 3293 841 3352 iram
854 3310 889 3354 ex
900 3290 1080 3369 malignitate
1087 3308 1172 3369 prae·

219 3371 274 3432 dae
287 3375 410 3450 partitae
421 3382 471 3434 aut
480 3375 618 3436 iuvidiam
632 3375 710 3454 apud
721 3383 820 3453 patres
832 3393 869 3436 ex
882 3375 1007 3453 prodiga
1018 3374 1172 3452 largitione

131 3467 141 3487 ’
156 3470 162 3478 ·
203 3462 353 3534 ·-caperet,
372 3455 482 3519 litteras
499 3459 535 3520 ad
549 3465 683 3520 senatum
698 3460 791 3520 misit:
808 3458 896 3527 deum
909 3457 1109 3519 inmortalium
1121 3455 1172 3518 be·
