2572 3956
297 253 393 296 men
407 255 441 295 11.
466 254 537 301 cir.
553 250 597 303 53.
614 248 659 303 ct.
680 241 721 322 [a.
739 241 774 302 O.
790 241 920 324 tte-473]
1025 251 1086 312 115

193 402 265 464 Llll.
290 404 457 466 certamina
472 404 552 467 domi
572 408 664 469 linita.
688 408 795 470 Veiens
815 407 927 470 bellum
942 417 1085 482 exortum,
1106 422 1119 472 t

131 486 240 570 quibus
256 485 358 549 Sebini
379 505 461 548 arma
475 493 704 553 coniunxerunt.
719 491 751 551 P.
771 490 903 554 Valerius
918 492 1022 555 consul
1037 513 1086 556 ac·

131 573 198 634 citis
203 570 376 632 Latinorum
387 569 645 653 Hernicorumque
659 575 775 636 auxiliis
783 593 851 636 cum
861 579 994 638 exercitu
1000 579 1086 640 Veios

131 657 238 716 missus
253 661 350 716 castra
361 653 484 726 Sabina,
504 674 580 736 quae
590 676 646 738 pro
658 657 814 720 moenibus
826 662 977 722 socierum
990 660 1086 723 locata

132 745 231 809 eraut,
261 737 417 800 confestim
444 739 631 815 adgreditur,
659 747 830 819 tantamque
858 745 1085 824 trepidationem

131 823 248 892 iniecit,
271 827 320 892 ut,
338 820 408 882 dum
424 820 549 900 dispersi
567 821 616 882 alii
631 822 687 884 alia
702 822 907 902 manipulatim
924 834 1087 888 excurrunt

132 907 168 968 ad
183 905 341 968 arcendam
358 903 489 966 hostium
502 907 575 976 rim,
601 923 636 967 ea
656 913 757 985 porta,
781 909 830 968 cui
851 910 933 987 signa
955 911 1086 988 primum

131 988 287 1058 intuderet,
309 993 476 1066 caperetur.
506 988 585 1050 intra
605 987 714 1051 vallum
735 989 843 1054 deinde
864 991 969 1054 caedes
993 995 1120 1070 magist

131 1089 220 1152 quarn
231 1071 377 1150 proelium
388 1087 461 1131 esse.
489 1070 663 1134 tumultuse
679 1075 783 1134 castris
793 1081 823 1136 et
832 1077 863 1135 in
878 1074 984 1137 urbem
994 1095 1086 1155 pene·
1201 1095 1204 1102 ’

131 1162 204 1217 irat:
222 1160 371 1232 tamquam
382 1153 450 1214 Veis
461 1157 555 1234 captis
566 1157 608 1216 ita
619 1156 718 1235 paridi
729 1159 865 1220 Veientes
876 1157 913 1219 ad
924 1177 1005 1220 arnna
1017 1177 1085 1220 cur·

131 1246 210 1301 runt
239 1253 309 1316 pars
323 1235 440 1298 Sabinis
456 1246 527 1299 eunt
542 1238 689 1311 subsidio,
706 1257 777 1320 pars
789 1242 940 1304 Romanos
954 1248 1015 1302 teto
1030 1244 1084 1319 im-

130 1328 202 1402 petu
224 1323 354 1381 intentos
367 1321 399 1379 in
416 1327 512 1382 castra
529 1323 714 1385 adoriuntur.
743 1323 895 1404 paulisper
910 1327 1006 1387 aversi
1022 1331 1084 1384 tur·
1102 1337 1119 1388 3

130 1406 250 1482 batique
262 1409 339 1472 sunt;
356 1403 463 1465 deinde
472 1410 502 1466 et
514 1406 572 1484 ipsi
583 1413 711 1485 utroque
721 1409 814 1470 versis
825 1409 917 1486 signis
932 1409 1084 1479 resistunt,

129 1497 160 1551 et
189 1505 279 1567 eques
302 1485 339 1546 ab
360 1487 483 1550 consule
508 1490 648 1550 inmissus
668 1490 780 1552 'l'uscos
809 1492 907 1553 lundit
933 1491 1083 1571 lugetque.

129 1571 234 1634 eadem
244 1570 319 1631 bora
333 1569 391 1632 duo
405 1574 562 1644 exercitus,
580 1573 657 1635 dnae
668 1575 889 1652 potentissimae
900 1581 929 1638 et
939 1577 1084 1637 maximae

128 1656 280 1717 finitumae
296 1659 400 1731 gentos
416 1661 574 1734 superatae
594 1663 671 1718 sunt.
694 1685 729 1702 -
750 1655 827 1718 llum
845 1658 920 1720 haec
942 1658 979 1719 ad
996 1661 1117 1720 Veiost

129 1745 283 1818 geruntur,
298 1737 396 1799 Volsci
407 1738 559 1818 Aequique
570 1740 715 1801 inLatino
728 1757 798 1818 agro
813 1748 975 1820 posuerant
987 1749 1082 1804 castra

128 1820 322 1902 populatique
336 1822 410 1883 lines
425 1830 518 1884 erant.
540 1841 592 1884 eos
614 1841 670 1904 per
683 1843 716 1885 se
735 1825 791 1902 ipsi
808 1823 905 1886 Latini
921 1825 1082 1904 adsumptis

127 1907 264 1968 Hernicis
271 1907 335 1967 sine
343 1905 476 1966 Romano
485 1913 535 1967 aut
545 1906 622 1968 duce
637 1913 688 1968 aut
698 1906 1081 1970 auxiliocastrisexuerunt.

126 1989 241 2069 ingenti
261 1989 372 2068 praeda
394 1995 515 2067 praeter
535 2007 603 2051 suas
623 1991 806 2068 reciperatas
825 2008 875 2064 res
893 1992 980 2070 potiti
1003 1996 1116 2056 sunt.5

126 2078 234 2135 missus
245 2079 343 2134 tamen
358 2070 394 2132 ab
406 2071 499 2134 Roma
510 2072 615 2134 consul
629 2073 661 2134 in
671 2071 793 2135 Volscos
803 2073 832 2136 G.
845 2073 977 2136 Nautius.
1007 2091 1081 2144 mos,

124 2157 234 2228 credo,
257 2173 317 2217 non
337 2154 475 2235 placebat
494 2159 557 2218 sine
571 2157 705 2218 Romano
730 2157 806 2219 duce
826 2153 1016 2237 exercituque
1034 2177 1081 2219 so·

127 2243 189 2302 cios
200 2241 332 2320 propriis
346 2237 457 2302 viribus
469 2240 869 2322 consiliisquebellagerere.
901 2241 1015 2304 nullum
1031 2259 1081 2320 ge·
1099 2256 1115 2306 e

124 2341 183 2384 nus
194 2323 369 2386 calamitatis
380 2323 637 2405 contumeliaeque
651 2344 713 2387 non
726 2327 838 2388 editum
849 2328 881 2387 in
891 2326 1012 2389 Volscos
1028 2332 1081 2394 est,

125 2425 181 2469 nec
195 2413 295 2469 tanmn
308 2405 436 2486 perpelli
450 2415 591 2487 potuere,
606 2414 640 2471 ut
657 2412 720 2472 acie
738 2411 922 2472 dimicarent.

189 2490 259 2552 LIV.
290 2491 322 2553 i.
340 2491 448 2553 Furius
468 2493 538 2555 inde
562 2499 592 2555 et
607 2493 638 2558 G.
655 2493 782 2554 Manlius
798 2491 945 2555 consules.
973 2492 1080 2555 Manilio
1102 2503 1113 2553 1

126 2575 262 2636 Veientes
276 2577 429 2654 provincia
445 2579 550 2637 evenit.
580 2595 640 2638 non
657 2582 757 2638 tamen
770 2575 931 2638 bellacum:
949 2576 1081 2637 indutiae

124 2661 156 2719 in
178 2674 272 2719 annos
291 2660 485 2738 quadraginta
504 2659 673 2740 petentibus
696 2660 781 2723 datae
801 2661 950 2723 frumento
970 2661 1079 2740 stipen-

124 2742 233 2820 dioque
244 2743 399 2822 irnperate.
421 2745 489 2822 paci
502 2750 641 2806 externae
652 2744 808 2806 confestim
818 2745 1010 2806 continuatur
1021 2744 1079 2804 dis·
1097 2755 1114 2805 2

124 2825 228 2886 cordia
239 2826 328 2886 domi.
352 2827 487 2904 agrariae
498 2827 573 2906 legis
583 2828 751 2890 tribuniciis
764 2828 891 2890 stimulis
903 2827 988 2908 plebs
999 2828 1079 2888 iure·
1119 2861 1132 2884 ,ι

123 2909 184 2969 bat.
221 2909 358 2972 consules
379 2910 454 2972 nihil
475 2911 594 2974 Meneni
614 2913 817 2983 damnatione,
843 2912 918 2973 nihil
945 2910 1079 2992 periculo

123 2993 259 3054 deterriti
274 2993 391 3056 Servilii
405 3013 520 3056 summa
535 2997 563 3056 ri
577 2997 727 3057 resistunt.
745 2995 889 3058 abeuntes
904 2997 1079 3074 magistratu

123 3077 176 3138 Cn.
193 3077 343 3140 Genucius
363 3077 501 3141 tribunus
522 3076 618 3159 plebis
636 3081 771 3158 arripuit.
788 3114 824 3124 —
841 3078 873 3140 L.
891 3078 1032 3140 Aemilius
1050 3083 1113 3138 etc

123 3159 227 3238 Opiter
234 3163 391 3240 Verginius
398 3162 583 3224 consulatum
593 3164 706 3224 ineunt.
732 3163 891 3242 Vopiscum
901 3161 1009 3222 Iulium
1021 3177 1077 3240 pro

123 3244 261 3322 Verginio
281 3247 312 3306 in
332 3243 507 3324 quibusdam
524 3244 848 3308 annalibus'ccnsulem
862 3246 990 3306 invenio.
1020 3244 1077 3304 boc

122 3345 253 3388 anno-
271 3346 473 3409 quoscumque
490 3330 626 3392 consules
641 3329 747 3391 habuit
762 3363 798 3376 -
816 3329 862 3390 rei
879 3329 916 3390 ad
932 3328 1077 3409 populum

121 3409 229 3474 Furius
245 3417 275 3474 et
284 3409 410 3474 Manlius
421 3415 608 3475 circumeunt
621 3414 763 3476 sordidati
777 3431 838 3474 nou
852 3411 970 3492 plebem
982 3414 1075 3490 magis

121 3511 210 3573 quam
220 3497 352 3559 iuniores
361 3502 487 3575 patrum.
515 3497 649 3568 suadent,
662 3503 793 3567 monent,
808 3496 974 3558 bonoribus
985 3503 1012 3557 et
1025 3495 1076 3556 ad·
1094 3505 1110 3553 s

881 3582 923 3646 80
