2572 3956
180 171 240 236 118
349 185 442 226 crocu
460 185 494 228 11.
518 183 588 226 666.
603 175 646 230 56.
669 164 712 246 [c.
728 185 758 226 u.
775 186 800 226 c.
817 175 877 230 282.
893 161 955 244 281]

178 333 259 413 61611
272 351 340 394 cum
356 349 470 394 summa
483 332 512 391 vi
526 331 706 396 resisterent
717 337 833 408 661666,
851 347 964 408 neque,
986 346 1132 404 quaeum

179 419 221 479 vis
240 417 277 478 ad
292 415 490 479 resistendum
507 419 586 484 crat,
604 419 637 474 ut
649 414 850 476 intercederet
866 413 972 490 aliquis
988 431 1026 474 ex
1042 411 1134 475 colle·

179 503 226 579 gio
238 501 413 562 auctoritate
428 504 480 560 aut
490 496 646 558 consulum
658 503 708 558 aut
720 498 889 576 principum
904 496 1012 557 adduci
1022 503 1131 574 posset,

179 603 228 646 res
244 589 343 648 tamen
358 601 414 644 ¹suo
434 583 497 660 ipsa
517 579 668 642 molimine
690 581 787 658 666616
803 578 1015 642 certaminibus
1032 581 1064 640 in
1081 598 1135 640 an-

145 681 161 730 6
179 686 250 728 num
268 665 440 728 extrahitur.
467 663 553 744 plebs
569 662 746 727 Voleronem
767 662 921 724 tribunum
944 663 1058 724 reiicit:
1081 681 1134 741 pa·

178 758 249 821 tres,
261 751 298 812 ad
308 749 444 810 ultimum
456 747 652 815 dimicationis
663 746 721 805 6611
731 763 795 806 rem
806 751 970 815 venturam,
982 746 1036 824 16.
1048 745 1134 808 Clau-

178 835 259 896 dium
275 833 350 909 Appi
364 830 475 900 libum,
492 830 551 888 iam
565 827 634 889 inde
648 846 664 888 6
680 829 811 905 66166616
828 827 1041 892 certaminibus
1058 831 1135 890 imi·

177 911 562 991 66616166166666661611,
578 909 731 972 consulem
742 911 869 980 iaciunt;
884 911 998 990 collega
1011 913 1039 974 61
1049 912 1133 976 'litus

180 997 333 1068 Qtu‘notius
348 998 443 1057 datur.

145 1089 162 1140 o
239 1081 389 1159 Principio
401 1080 499 1141 statim
514 1079 585 1140 anni
600 1077 673 1138 nihil
688 1077 771 1154 prius
786 1095 875 1156 quam
889 1077 926 1138 de
942 1077 1009 1155 lege
1026 1076 1135 1157 ageba-

178 1175 237 1228 166.
269 1164 321 1228 661
344 1165 532 1225 6116666166
553 1161 627 1239 legis
641 1160 763 1231 Volero,
783 1163 826 1222 sic
843 1160 998 1223 Laetorius
1020 1161 1132 1239 collega

145 1258 161 1307 7
179 1251 242 1312 eius
258 1253 361 1310 auctor
373 1265 441 1308 cum
453 1246 604 1308 recentior
614 1251 677 1306 tum
690 1245 789 1306 acrior
801 1249 872 1307 6661.
897 1245 1029 1306 ferocem
1043 1245 1134 1306 lacie-

178 1333 230 1395 bat
245 1331 317 1394 belli
331 1330 424 1408 gloria
439 1331 558 1408 ingens,
584 1328 663 1408 qnod
681 1329 783 1390 6616116
803 1328 866 1390 eius
882 1327 962 1389 baud
978 1329 1133 1406 quisquam

178 1434 268 1478 manu
279 1415 446 1494 promptior
466 1420 539 1474 erat.
568 1413 608 1482 is,
625 1430 693 1473 cum
714 1411 820 1473 Volero
835 1411 909 1472 nibil
923 1417 1135 1490 praeterquam

178 1500 215 1562 16
225 1499 291 1575 lege
302 1496 492 1575 loqueretur,
507 1497 704 1558 insectatione
716 1493 868 1556 abstinens
880 1493 1051 1565 consulum,
1068 1497 1135 1573 1666

177 1585 209 1642 16
224 1581 444 1644 accusationem
451 1579 527 1656 Appi
538 1577 724 1656 familiaeque
736 1579 967 1657 superbissimae
981 1596 1016 1639 66
1026 1578 1134 1640 crude·

144 1674 162 1726 8
178 1665 307 1726 lissirnae
318 1665 349 1725 in
360 1661 480 1741 plebem
491 1662 654 1723 Romanam
666 1679 799 1733 exorsus,
815 1680 912 1724 cuma
926 1660 1061 1741 patribus
1073 1678 1135 1722 non

178 1747 331 1810 consulem
346 1745 398 1808 sed
414 1746 583 1808 carnificem
599 1745 636 1806 ad
650 1745 811 1808 vexandam
827 1751 857 1807 et
866 1745 1054 1808 lacerandam
1069 1744 1134 1823 ple·
1177 1807 1185 1821 ,
1279 1775 1280 1782 1

177 1831 247 1893 bem
268 1835 400 1893 creatum
419 1847 484 1892 6666
501 1829 710 1900 66616616661,
732 1829 815 1891 rudis
830 1831 861 1890 in
878 1827 998 1890 militari
1012 1827 1135 1890 homine

144 1914 279 1993 elingua
302 1931 363 1976 non
386 1913 562 1992 suppetebat
580 1911 712 1974 libertati
735 1914 902 1990 animoque.
940 1913 1040 1990 itaque
1062 1911 1126 1974 deli

179 2000 277 2060 ciente
288 1999 422 2058 oratioue
433 1995 572 2075 „quaudo
582 1997 700 2074 quidem
711 2014 771 2058 non
783 1996 870 2059 facile
883 1995 1011 2074 loquor“
1026 1996 1132 2074 inquit,

178 2078 343 2154 6116161166,
361 2097 450 2159 quam
466 2079 545 2158 quod
566 2079 684 2140 locutus
698 2098 764 2142 sum
781 2084 917 2158 6666616,
940 2081 1069 2141 66661166
1084 2079 1133 2142 116

178 2165 288 2226 adeste.
316 2181 369 2240 ego
381 2163 430 2223 hic
450 2169 501 2222 ant
515 2165 546 2222 in
562 2169 723 2241 conspectu
738 2168 836 2224 vestro
853 2163 979 2233 moriar,
996 2169 1046 2224 aut
1062 2180 1132 2242 per·

127 2256 161 2308 10
176 2248 271 2309 ieram
285 2245 412 2323 legem.“
441 2243 628 2323 6666661661
640 2245 754 2308 tribuni
770 2244 913 2324 templum
929 2252 1050 2325 postero
1067 2247 1131 2315 die;

100 2391 103 2395 .
178 2328 319 2391 consules
337 2327 533 2408 nobilitasque
551 2329 589 2391 ad
608 2328 816 2408 inpediendam
832 2329 930 2408 legem
943 2331 974 2390 in
992 2331 1132 2392 contione

178 2413 350 2474 consistunt.
386 2412 554 2475 submoveri
569 2412 723 2474 Laetorius
742 2411 827 2475 iubet
847 2419 1057 2492 praeterquam
1080 2415 1133 2493 qui

128 2503 159 2556 11
177 2496 350 2574 suffragium
362 2497 473 2559 ineant.
503 2495 708 2558 adulescentes
722 2495 839 2559 nobiles
856 2495 975 2558 stabant
988 2498 1063 2560 nibil
1082 2515 1131 2561 ce·

166 2581 281 2667 1166166
295 2580 408 2642 viatori.
440 2585 502 2640 tum
518 2599 555 2642 ex
570 2580 621 2642 his·
628 2580 738 2658 prendi
753 2581 897 2659 quosdam
912 2581 1066 2645 Laetorius
1085 2583 1131 2643 lu·

177 2662 236 2724 bet.
262 2664 365 2724 consul
380 2664 491 2743 Appius
506 2681 616 2741 negare
631 2665 755 2728 insesso
770 2663 891 2725 tribuno
906 2667 938 2726 in
952 2683 1131 2745 quemquam

129 2755 159 2809 12
176 2747 234 2806 6161
247 2747 279 2806 16
293 2745 458 2824 plebeium:
477 2763 538 2808 non
559 2748 638 2808 euim
652 2745 756 2825 populi
769 2747 823 2808 sed
838 2746 934 2826 plebis
953 2767 1020 2811 eum
1036 2751 1130 2824 magi·

176 2834 300 2890 stratum
323 2847 401 2896 esse:
428 2848 484 2891 nec
505 2829 589 2891 illum
608 2831 705 2909 ipsum
727 2829 904 2894 submovere
924 2849 980 2911 pro
1002 2832 1130 2910 imperio

175 2929 263 2990 posse
279 2930 363 2974 more
379 2918 538 2985 malornm,
561 2914 629 2992 quia
649 2915 690 2975 ita
705 2913 821 2976 dicatur
834 2915 881 2986 „si
902 2911 985 2978 robis
1004 2915 1130 2986 ridetur,

176 2992 499 3065 discedite.Quirites.“
521 2997 608 3059 facile
619 2997 694 3060 baec
703 2999 898 3078 contemptim
910 2997 948 3060 de
958 2999 1024 3062 1666
1036 2999 1130 3062 11666·

125 3085 158 3140 13
174 3077 267 3139 66616
280 3081 456 3157 perturbare
466 3081 636 3144 Laetorium
646 3087 772 3160 poterat
800 3081 908 3144 ardens
917 3083 1008 3160 igitur
1019 3085 1064 3144 ira
1076 3085 1131 3144 tri-

173 3159 273 3224 bunus
288 3165 430 3228 uiatorem
449 3165 539 3226 mittit
554 3166 592 3226 ad
609 3163 777 3236 consulem,
805 3163 911 3228 666661
932 3165 1070 3230 lictorem
1093 3168 1131 3230 ad

174 3243 336 3318 tribunum,
348 3249 493 3327 privatum
501 3265 566 3309 6666
574 3247 728 3316 clamitans
735 3249 800 3312 6166
811 3251 948 3330 imperto,
960 3253 1025 3314 sine
1037 3268 1131 3330 magr·

173 3331 284 3397 suarm
298 3330 480 3410 violatusque
488 3337 566 3392 esset
575 3331 723 3404 tribunus,
736 3334 768 3394 ni
780 3340 809 3396 et
823 3334 924 3396 contio
936 3337 1032 3397 omnis
1045 3343 1131 3396 atrox

171 3417 276 3472 coorta
298 3429 353 3499 pro
374 3414 495 3476 tribuno
512 3415 544 3474 in
564 3414 717 3478 consulem
734 3422 831 3489 osset,
849 3423 879 3482 et
893 3435 1058 3481 concursus
1075 3419 1131 3480 bo·
