2580 3954
225 209 287 271 154
373 221 468 264 umus
484 219 532 262 111.
556 218 626 262 oar.
641 211 684 266 29.
700 211 743 266 eo.
766 197 806 281 [s.
821 221 850 263 u.
867 223 891 261 c.
906 199 1035 284 nuo-301]

223 373 303 436 tecto
318 369 402 432 urbis
416 375 534 431 senatus
548 365 666 429 habitus
684 368 915 448 triumphantem
935 366 1102 437 Quinctium
1118 385 1182 448 que

224 454 362 518 veniebat
375 454 491 532 agmine
507 452 613 514 urbem
627 453 744 530 ingredi
757 453 849 514 iussit
883 453 964 514 ducti
975 460 1043 515 ante
1058 471 1181 515 currum

224 539 354 600 hostiurn
369 538 475 607 duces,
489 535 626 597 militaria
641 536 724 613 signa
738 535 884 616 praelata,
898 543 1016 598 secutus
1032 538 1181 598 exercitus

223 622 333 704 praedo
357 629 488 682 onustus·
525 619 629 699 epulae
658 621 818 681 instructae
839 620 977 682 dicuntae
1000 621 1091 682 luisse
1110 628 1181 682 ante
1277 679 1278 682 ,

223 707 357 768 omnium
370 705 491 774 domos,
509 703 719 785 epulantesque
733 721 801 764 cum
819 705 951 766 carmine
966 703 1137 784 triumphali
1152 712 1182 766 et

222 787 416 853 sollemnibus
434 789 508 848 iocis
528 788 732 848 comisantium
753 787 841 848 modo
857 805 977 848 curruun
994 789 1087 849 secreti
1101 794 1179 849 sunt
1280 803 1281 828 ³

185 887 260 938 oco
277 873 327 934 die
341 871 374 933 L.
389 869 518 933 Mamilio
529 869 696 932 Tusculano
711 870 943 950 adprobantibus
953 873 1067 933 cunctis
1079 873 1181 932 civitas
1280 871 1281 906 ³

223 957 289 1018 duta
309 960 362 1016 est.
381 989 415 1000 -
435 955 597 1016 Confestim
617 973 649 1015 se
671 954 796 1015 dictator
816 957 988 1033 magistratu
1003 955 1179 1024 abdicasset,

222 1041 254 1100 ni
276 1039 394 1101 comitia
415 1039 453 1099 ll.
475 1036 587 1108 Volsci,
607 1036 674 1099 falsi
693 1039 791 1108 testis,
813 1040 989 1101 tenuissent:
1012 1057 1048 1100 ea
1069 1057 1107 1100 ne
1132 1040 1180 1099 iu-

222 1123 360 1203 pedircnt
370 1120 491 1190 tribuni,
503 1121 655 1182 dictatoris
666 1120 778 1182 obstitit
789 1129 894 1184 metus.
914 1121 1048 1184 Volscius
1058 1123 1179 1184 damua-

185 1215 273 1268 atus
290 1206 454 1267 Manedum
477 1204 650 1280 inexilium
674 1203 753 1266 abiit.
783 1203 937 1274 eumerius
960 1207 1179 1268 sextodecimo

221 1292 270 1352 die
285 1289 428 1351 dictatum
449 1290 480 1349 in
496 1307 549 1350 sex
570 1307 688 1351 menses
703 1296 823 1367 acepta
840 1308 874 1350 se
894 1287 1048 1351 abdicavit.
1067 1289 1179 1352 -Per
1280 1333 1281 1362 2

221 1393 273 1436 eos
302 1373 365 1436 dies
393 1372 498 1434 consul
519 1371 641 1434 Nautius
668 1372 706 1435 od
726 1372 848 1434 Eretum
866 1391 936 1434 cum
951 1372 1069 1436 Sabinis
1093 1390 1179 1452 egre·
1280 1395 1281 1442 f

220 1460 270 1536 gie
287 1463 412 1537 pugnat:
434 1456 471 1516 ad
494 1462 619 1516 vastatos
636 1473 723 1534 agros
747 1475 782 1518 ea
798 1473 917 1535 quoque
932 1457 1030 1520 clades
1054 1459 1179 1519 accessit
1280 1463 1281 1480 ¹

221 1541 348 1602 Sabinis
380 1540 510 1600 llliuucio
533 1537 642 1601 Fabius
664 1537 789 1608 Quintus
809 1559 964 1603 successor
987 1543 1019 1602 in
1042 1541 1178 1618 tilgidum

184 1625 337 1688 emissus.
358 1655 393 1668 -
420 1622 560 1683 Extremo
584 1639 662 1683 anne
683 1626 823 1701 agitatum
848 1626 887 1686 de
911 1625 978 1704 lege
998 1625 1034 1686 ab
1049 1624 1178 1688 tribunis

221 1715 280 1778 cst,
296 1707 348 1769 sed
364 1707 432 1784 quia
454 1706 511 1767 duo
527 1708 673 1768 exercitus
694 1707 831 1778 aberaru,
853 1717 892 1769 'ne
913 1709 983 1787 quid
999 1709 1127 1770 serretur
1141 1709 1178 1768 ad
1258 1769 1263 1773 .

221 1791 380 1872 populum,
403 1797 503 1868 patres
527 1797 659 1852 tenuere.
690 1790 798 1869 plebes
807 1793 889 1862 vicit,
907 1803 940 1852 ut
960 1794 1094 1871 quiritum
1112 1811 1177 1855 ees·
1280 1823 1281 1856 1

184 1883 203 1934 9
221 1877 289 1938 dem
300 1875 443 1936 tribunos
459 1881 605 1936 crearent
617 1907 652 1920 —-
667 1874 767 1954 lupos
782 1877 860 1936 visos
877 1878 908 1935 in
920 1876 1063 1954 Capitolio
1077 1876 1178 1938 ierunt
1280 1921 1281 1950 ,

221 1978 238 2021 a
253 1958 378 2020 conlbm
391 1957 521 2036 largatos,
545 1957 585 2018 ob
604 1959 635 2019 id
649 1959 817 2037 prodigium
832 1959 986 2020 lustratum
1004 1959 1176 2038 Capitulium
1280 2021 1281 2038 2

222 2062 294 2104 esse.
326 2042 401 2104 haec
415 2059 450 2103 eo
468 2058 547 2102 anne
562 2049 651 2119 gesta.

188 2136 201 2186 1
282 2125 370 2188 XXX.
402 2125 549 2186 Secuntur
576 2125 714 2188 consides
740 2123 865 2195 Quintus
889 2127 1034 2189 Minucios
1060 2127 1089 2188 C.
1116 2126 1176 2188 llo·

220 2212 313 2271 retius
329 2207 478 2270 Puluillus
514 2209 598 2270 codrus
619 2210 705 2270 initio
720 2212 790 2271 euni
807 2229 877 2272 curn
891 2211 966 2272 loris
982 2214 1073 2271 mum
1090 2217 1176 2280 esset,

184 2294 301 2355 ndomi
322 2292 484 2354 seditiones
500 2291 580 2353 idem
598 2291 726 2364 omani,
749 2294 852 2356 eadem
871 2295 917 2355 lex
938 2293 1082 2362 malebam
1102 2293 1177 2355 ulle·
1258 2323 1261 2328 ·

220 2378 342 2454 sineque
367 2381 486 2436 ventum
510 2375 588 2436 leret
604 2410 639 2422 -
657 2377 730 2438 adeo
752 2386 923 2439 exarserant
949 2379 1056 2440 animis
1072 2411 1129 2448 -,
1145 2379 1176 2438 ni

220 2459 300 2522 velut
321 2459 417 2520 dedita
438 2476 530 2538 opera
548 2467 695 2521 nocturno
717 2463 829 2540 impetu
843 2462 1012 2540 Aequorum
1027 2461 1176 2523 Corbione

185 2559 202 2611 3
220 2545 360 2606 amissum
381 2543 562 2622 praesidium
584 2546 750 2607 nuntiatum
772 2553 857 2606 esset.
891 2551 1024 2606 senatum
1040 2543 1176 2606 consides

220 2635 341 2696 vocaut;
365 2625 505 2687 iubentur
525 2625 700 2688 subitarium
715 2627 848 2690 seribere
865 2631 1026 2691 exercitum
1043 2637 1129 2706 atque
1145 2631 1175 2688 in

220 2710 356 2788 Algidum
372 2709 490 2770 ducere.
522 2709 592 2772 iude
609 2713 705 2790 posite
720 2711 794 2788 legis
807 2713 967 2774 certamine
983 2729 1058 2773 nove
1078 2713 1114 2774 de
1133 2712 1176 2772 di·

185 2805 203 2852 4
220 2795 299 2856 lectu
320 2793 471 2855 contentio
491 2799 570 2862 crta;
592 2793 823 2873 vincebaturque
844 2795 999 2857 considere
1018 2797 1176 2874 imperimu

218 2877 379 2939 tribunicio
395 2875 512 2948 auxilio,
529 2895 597 2939 cum
612 2877 688 2940 alius
701 2879 818 2939 additur
833 2887 946 2952 terror,
969 2878 1110 2942 Sabinum
1127 2897 1176 2940 ex·

220 2961 346 3022 ercitum
365 2960 540 3041 praedatum
561 2961 749 3025 descendisse
771 2964 904 3042 ioagrns
920 2963 1085 3033 llomonos,
1106 2962 1174 3022 inde

185 3045 256 3106 cad
281 3043 388 3106 urbem
408 3046 519 3106 venire.
551 3047 578 3107 is
598 3052 694 3108 metus
714 3047 858 3125 perculit,
883 3055 916 3108 ul
939 3047 1031 3110 scribi
1053 3045 1175 3108 militem

218 3128 331 3189 tribuni
352 3128 493 3198 sinerent,
520 3146 581 3190 nou
602 3131 667 3192 sine
687 3132 823 3209 pactione
838 3139 952 3203 tanren,
973 3139 1014 3202 ut,
1036 3131 1175 3210 quoniam

219 3213 277 3291 ipsi
292 3213 527 3288 quinquennium
543 3212 617 3274 elusi
633 3221 744 3286 essent,
759 3230 940 3293 paruumque
954 3215 985 3276 id
996 3213 1076 3295 plebi
1089 3230 1175 3292 prae·

219 3295 327 3356 sidium
353 3297 446 3366 soret,
476 3297 579 3358 decem
604 3297 710 3359 deinde
735 3297 847 3358 tribuni
869 3297 965 3379 plebis
991 3306 1173 3360 crearentur.

184 3389 202 3442 θ
220 3379 366 3455 expressit
387 3377 445 3440 boe
460 3381 620 3442 necessitas
636 3381 779 3460 patribus.
811 3381 945 3444 id'mcdo
962 3399 1115 3461 excepere,
1137 3397 1174 3442 ne

219 3468 321 3537 postea
338 3463 458 3524 eosdem
470 3461 605 3525 tribunos
620 3465 763 3527 viderent.
778 3465 936 3527 tribunicia
952 3467 1079 3536 comitio,
1095 3483 1134 3526 ue
1144 3463 1174 3524 id
