2580 3954
268 184 365 227 crans
379 185 424 229 1v.
451 184 524 229 oar.
541 178 584 232 21.
599 179 643 230 22.
681 171 721 248 [a.
740 170 794 230 Ch.
810 170 938 254 est-435]
1022 181 1083 242 217

126 329 214 394 nibus
227 333 383 394 allinucic
399 336 633 396 circumventum
644 335 781 396 llaelium
796 355 940 415 arguens,
958 340 1081 403 servibo

13 429 16 434 ·
125 414 247 479 caedem
263 417 334 477 civis
348 417 511 480 indemnati
526 417 668 480 obiciens.
701 435 776 498 quae
793 423 913 491 uraniora
929 422 965 483 ad
986 441 1081 502 popu·

124 499 186 560 lum
205 501 270 578 ipsc
289 505 411 562 auctore
426 501 518 563 luere.
548 507 680 563 ceterum
703 505 797 581 magis
811 505 853 566 vis
869 504 967 567 morbi
981 508 1080 586 ingra-
1097 521 1115 572 n

127 599 247 644 vescens
262 601 352 645 curae
368 591 433 646 erat
444 590 636 663 terroresque
647 603 682 647 ac
695 587 846 666 prodigia,
862 581 989 652 maiimo
1003 592 1081 670 quod

125 664 239 727 crebris
254 667 383 730 motibus
397 674 496 730 terrae
513 686 602 732 ruere
621 671 653 730 in
674 667 752 748 agris
766 671 979 734 nuntiabantur
993 681 1079 737 tecta.

124 748 290 811 obsecratio
314 753 414 834 itaque
441 752 588 831 apopulo
609 754 770 815 duumviris
796 756 1009 833 praceuntibus
1037 766 1081 820 est

128 833 213 894 iacta.
1060 888 1063 892 .

186 916 372 979 Pestilentior
387 919 457 981 inde
478 937 574 982 annus
589 921 620 983 C.
636 919 710 981 lulio
724 923 832 982 iteruun
847 930 876 984 et
891 923 923 984 L.
940 925 1080 1002 Verginio
1098 943 1114 997 a

123 1000 294 1064 concidibus
304 1007 419 1063 tantum
430 1011 543 1066 metum
556 1006 699 1066 vastitatis
713 1006 744 1064 in
758 1003 834 1067 urbe
848 1008 986 1086 agrisque
1000 1008 1079 1079 fecit,

121 1091 154 1145 ut
170 1100 231 1143 non
245 1085 333 1146 modo
347 1086 510 1164 praedandi
530 1106 618 1148 causa
634 1090 788 1167 quisquam
805 1106 840 1149 ex
856 1107 928 1166 agro
946 1091 1079 1152 Romano

121 1185 182 1228 uon
206 1169 317 1238 exiret,
340 1168 446 1232 bellive
459 1170 608 1232 inferendi
624 1173 768 1232 memoria
782 1171 916 1250 patribus
933 1179 985 1234 aut
998 1173 1079 1252 plebi

122 1259 214 1339 esset,
238 1252 291 1314 sed
311 1250 389 1313 ultro
411 1255 583 1325 Fidenates,
607 1256 705 1332 quise
721 1256 818 1333 primo
833 1262 884 1316 aut
904 1258 1013 1336 oppido
1030 1264 1113 1327 autu

7 1391 9 1402 ,
121 1334 271 1398 montibus
286 1342 338 1397 aut
351 1339 444 1400 muris
457 1344 630 1408 tenueram,
646 1336 850 1417 populabundi
865 1339 1080 1403 descenderent

7 1459 9 1516 ξ
121 1421 153 1479 in
167 1436 271 1497 agrum
281 1419 457 1483 Romanum.
483 1422 592 1484 deinde
603 1421 768 1484 Veientium
784 1425 917 1484 exercitu
931 1426 1026 1485 accito
1040 1459 1075 1470 -
1096 1443 1113 1496 a

121 1521 190 1564 nam
205 1502 312 1565 Falisci
325 1504 452 1584 perpelli
466 1506 503 1567 ad
517 1505 743 1568 instaurandum
755 1504 868 1568 bellum
883 1525 980 1587 neque
995 1507 1078 1570 clade

7 1583 9 1636 l
120 1586 322 1648 Romanorum
333 1605 430 1667 neque
444 1591 595 1652 sociorum
610 1587 751 1668 precibus
761 1598 886 1668 potuere
899 1625 935 1635 —
950 1592 1009 1653 duo
1024 1610 1078 1670 po·

120 1670 184 1751 puli
199 1673 346 1732 transiere
364 1672 524 1744 Anienem,
547 1681 633 1750 atque
647 1672 728 1735 baud
741 1672 847 1752 procul
862 1673 975 1736 Collina
992 1682 1077 1754 porta

7 1821 8 1830 .
120 1755 203 1833 signa
214 1753 355 1817 habuere.
377 1757 555 1836 trepidatum
568 1759 668 1834 itaque
683 1773 744 1816 non
757 1758 873 1835 inagris
884 1759 977 1836 magis
990 1776 1078 1837 quam
1094 1765 1112 1818 o

7 1833 9 1920 ᾗ
120 1839 151 1898 in
173 1837 249 1900 urbe
268 1845 321 1900 est.
352 1838 443 1902 lubus
467 1840 570 1902 consul
591 1843 623 1900 in
646 1857 755 1917 aggere
777 1842 929 1920 murisque
951 1841 1077 1920 explicat

121 1923 238 2001 copias,
258 1941 275 1983 a
295 1923 434 2000 Verginio
457 1931 577 1986 senatus
600 1926 632 1984 in
660 1923 731 1985 aede
758 1920 874 1991 Quirini
902 1924 1075 1986 consulitur.

121 2006 296 2068 dictatorem
316 2006 375 2067 dici
392 2004 425 2075 Q.
448 2007 606 2069 Servilium
625 2006 739 2085 placet,
761 2007 809 2067 cui
827 2007 929 2069 Prisco
946 2007 1010 2078 alii,
1027 2008 1076 2069 alii

121 2090 238 2152 Structo
252 2089 343 2153 iuuisse
355 2107 520 2168 cognomen
532 2091 660 2152 tradunt.
683 2090 838 2167 Verginius
850 2091 921 2167 dum
932 2091 1075 2168 collegam
1096 2108 1128 2160 ιο

121 2172 291 2235 consuleret
303 2180 445 2245 moratus,
461 2177 650 2254 permittente
665 2191 699 2234 eo
711 2181 798 2234 nocte
810 2173 982 2236 dictatmem
994 2175 1076 2236 dixit.

119 2259 145 2318 is
164 2256 222 2319 sibi
240 2259 414 2336 magistrum
436 2261 569 2338 equitum
587 2259 759 2320 Postumum
779 2256 936 2320 Aebutium
956 2258 1078 2320 Helvam

7 2431 8 2438 ἵ
119 2342 200 2404 dicit.

180 2425 269 2488 XXII.
300 2425 431 2488 Dictator
449 2444 553 2490 omnes
565 2425 633 2488 luce
648 2427 744 2504 prima
761 2433 843 2486 extra
857 2431 974 2504 portam
989 2424 1076 2486 Colli·
1096 2428 1110 2480 t

118 2527 188 2571 nam
208 2509 311 2571 adesse
330 2509 422 2573 iubet.
460 2510 697 2590 quibuscumque
720 2510 797 2570 vires
817 2506 1015 2586 subpetebant
1040 2508 1077 2568 ad

120 2611 201 2654 arma
212 2593 335 2654 ferenda
346 2602 466 2672 praesto
480 2595 574 2656 luere.
601 2595 684 2672 signa
704 2591 865 2654 cinerario
879 2597 1017 2670 prompto
1032 2591 1075 2652 le·

118 2683 226 2738 runtur
255 2676 291 2738 ad
310 2677 495 2742 dictatorem.
534 2695 700 2758 quaecum
723 2682 897 2754 agerentur,
920 2674 1020 2736 hostes
1044 2676 1110 2742 ins

118 2760 184 2821 loca
200 2759 304 2823 aldora
324 2779 508 2827 concessere.
538 2780 575 2824 eo
593 2762 719 2823 dictator
735 2760 851 2838 agmine
865 2759 971 2820 infesto
988 2755 1075 2827 subit,
1129 2773 1134 2784 '

119 2862 176 2906 nec
186 2844 292 2924 procul
298 2845 443 2908 Nomento
455 2848 546 2926 signis
558 2844 680 2906 conlatis
692 2844 767 2906 ludit
776 2844 915 2906 Etruscas
926 2842 1075 2920 legiones;

7 2941 8 2982 ἲ
120 2927 253 3006 conpulit
278 2928 347 2991 inde
368 2931 399 2989 in
423 2929 529 2992 urbem
549 2929 691 2999 Fidenas,
718 2926 853 3006 valloque
873 2925 1074 2988 circumdedit.

7 3017 9 3048 ⁵
119 3012 173 3075 sed
193 3029 292 3091 neque
307 3012 394 3074 scalis
411 3016 477 3092 capi
496 3020 614 3093 poterat
626 3011 699 3074 urbs
714 3009 771 3073 alta
787 3019 816 3072 et
829 3012 957 3080 munita,
978 3026 1075 3086 neque
1093 3009 1109 3061 3

119 3099 149 3157 in
168 3095 324 3157 obsidione
340 3097 383 3157 ris
398 3095 458 3158 ulla
480 3105 557 3168 erat,
584 3097 652 3176 quia
672 3095 852 3156 frumentum
869 3109 930 3153 uon
946 3091 1075 3154 necessi·
1127 3130 1133 3142 κ

118 3182 171 3241 tati
191 3179 279 3240 modo
301 3179 372 3240 satis
396 3179 449 3241 sed
471 3183 574 3260 copiae
589 3196 708 3258 quoquc
730 3177 848 3238 abunde
864 3195 900 3238 ex
915 3181 983 3236 aute
1004 3191 1075 3234 con-

118 3271 202 3326 uecto
227 3263 401 3328 sufficiebat.
424 3265 466 3324 ita
487 3263 675 3344 expugnandi
700 3262 811 3340 pariter
836 3259 1019 3338 cogendique
1038 3256 1108 3318 adt

120 3345 298 3408 deditimem
325 3365 378 3426 spe
399 3348 505 3408 amissa
529 3348 654 3408 dictator
673 3347 705 3406 in
727 3343 801 3406 locis
814 3349 938 3424 propter
953 3342 1076 3422 propin·

119 3431 261 3509 quitatem
284 3433 362 3494 notis
386 3430 423 3493 ab
448 3448 547 3492 aversa
569 3437 653 3510 parte
681 3427 765 3490 urbis
786 3428 913 3488 maxime
931 3423 1075 3504 neglecto,
