<?xml version="1.0" encoding="UTF-8"?>
<!DOCTYPE html PUBLIC "-//W3C//DTD XHTML 1.0 Transitional//EN"
    "http://www.w3.org/TR/xhtml1/DTD/xhtml1-transitional.dtd">
<html xmlns="http://www.w3.org/1999/xhtml" xml:lang="en" lang="en">
 <head>
  <title>
</title>
<meta http-equiv="Content-Type" content="text/html;charset=utf-8" />
  <meta name='ocr-system' content='tesseract 3.04.00' />
  <meta name='ocr-capabilities' content='ocr_page ocr_carea ocr_par ocr_line ocrx_word'/>
</head>
<body>
  <div class='ocr_page' id='page_1' title='image "./aburbeconditali01rossgoog_0442.png"; bbox 0 0 2534 3956; ppageno 0'>
   <div class='ocr_carea' id='block_1_1' title="bbox 219 181 991 265">
    <p class='ocr_par' dir='ltr' id='par_1_1' title="bbox 219 181 991 265">
     <span class='ocr_line' id='line_1_1' title="bbox 219 181 991 265; baseline 0.006 -22"><span class='ocrx_word' id='word_1_1' title='bbox 219 188 280 252; x_wconf 79' lang='lat'><strong>302</strong></span> <span class='ocrx_word' id='word_1_2' title='bbox 402 203 498 246; x_wconf 78' lang='lat' dir='ltr'><strong>arnan</strong></span> <span class='ocrx_word' id='word_1_3' title='bbox 513 203 543 246; x_wconf 85' lang='lat' dir='ltr'><strong>v.</strong></span> <span class='ocrx_word' id='word_1_4' title='bbox 568 202 639 245; x_wconf 76' lang='lat' dir='ltr'><strong>our.</strong></span> <span class='ocrx_word' id='word_1_5' title='bbox 654 194 698 248; x_wconf 79' lang='lat' dir='ltr'><strong>to.</strong></span> <span class='ocrx_word' id='word_1_6' title='bbox 715 193 760 248; x_wconf 77' lang='lat'><strong>47.</strong></span> <span class='ocrx_word' id='word_1_7' title='bbox 786 182 825 264; x_wconf 83' lang='lat' dir='ltr'><strong>[a.</strong></span> <span class='ocrx_word' id='word_1_8' title='bbox 840 205 870 243; x_wconf 89' lang='lat' dir='ltr'><strong>u.</strong></span> <span class='ocrx_word' id='word_1_9' title='bbox 887 205 913 245; x_wconf 86' lang='lat' dir='ltr'><strong>e.</strong></span> <span class='ocrx_word' id='word_1_10' title='bbox 929 181 991 265; x_wconf 81' lang='lat'>364]</span> 
     </span>
    </p>
   </div>
   <div class='ocr_carea' id='block_1_2' title="bbox 184 339 1180 430">
    <p class='ocr_par' dir='ltr' id='par_1_2' title="bbox 184 339 1180 430">
     <span class='ocr_line' id='line_1_2' title="bbox 184 339 1180 430; baseline 0.002 -16"><span class='ocrx_word' id='word_1_11' title='bbox 184 361 201 414; x_wconf 77' lang='grc'>3</span> <span class='ocrx_word' id='word_1_12' title='bbox 217 339 319 430; x_wconf 77' lang='lat' dir='ltr'><strong>itique</strong></span> <span class='ocrx_word' id='word_1_13' title='bbox 330 350 468 413; x_wconf 85' lang='lat' dir='ltr'><strong>omnibus</strong></span> <span class='ocrx_word' id='word_1_14' title='bbox 482 349 663 414; x_wconf 72' lang='lat' dir='ltr'><strong>sollemniter</strong></span> <span class='ocrx_word' id='word_1_15' title='bbox 674 351 802 428; x_wconf 78' lang='lat' dir='ltr'><strong>perenn</strong></span> <span class='ocrx_word' id='word_1_16' title='bbox 817 349 1085 414; x_wconf 77' lang='lat' dir='ltr'><strong>eedemreoertens</strong></span> <span class='ocrx_word' id='word_1_17' title='bbox 1095 355 1180 416; x_wconf 84' lang='lat' dir='ltr'><strong>sirni-</strong></span> 
     </span>
    </p>
   </div>
   <div class='ocr_carea' id='block_1_3' title="bbox 218 431 1179 762">
    <p class='ocr_par' dir='ltr' id='par_1_3' title="bbox 218 431 1179 762">
     <span class='ocr_line' id='line_1_3' title="bbox 218 431 1179 512; baseline 0.002 -14"><span class='ocrx_word' id='word_1_18' title='bbox 218 432 286 498; x_wconf 87' lang='lat' dir='ltr'><strong>liter</strong></span> <span class='ocrx_word' id='word_1_19' title='bbox 297 435 443 498; x_wconf 75' lang='lat' dir='ltr'><strong>onustanti</strong></span> <span class='ocrx_word' id='word_1_20' title='bbox 457 431 540 498; x_wconf 86' lang='lat' dir='ltr'><strong>vultu</strong></span> <span class='ocrx_word' id='word_1_21' title='bbox 547 434 716 512; x_wconf 82' lang='lat' dir='ltr'><strong>graduque,</strong></span> <span class='ocrx_word' id='word_1_22' title='bbox 733 435 944 512; x_wconf 73' lang='lat' dir='ltr'><strong>eatneparans</strong></span> <span class='ocrx_word' id='word_1_23' title='bbox 953 436 1099 512; x_wconf 75' lang='lat' dir='ltr'><strong>propitios</strong></span> <span class='ocrx_word' id='word_1_24' title='bbox 1113 457 1179 500; x_wconf 84' lang='lat' dir='ltr'><strong>esse</strong></span> 
     </span>
     <span class='ocr_line' id='line_1_4' title="bbox 218 516 1179 596; baseline 0.005 -18"><span class='ocrx_word' id='word_1_25' title='bbox 218 517 305 587; x_wconf 85' lang='lat' dir='ltr'><strong>daos,</strong></span> <span class='ocrx_word' id='word_1_26' title='bbox 331 534 457 596; x_wconf 76' lang='lat' dir='ltr'><strong>quorum</strong></span> <span class='ocrx_word' id='word_1_27' title='bbox 474 516 640 580; x_wconf 75' lang='lat' dir='ltr'><strong>autumno</strong></span> <span class='ocrx_word' id='word_1_28' title='bbox 655 517 1179 596; x_wconf 75' lang='lat' dir='ltr'><strong>noetisqutdemmeurprohinnm</strong></span> 
     </span>
     <span class='ocr_line' id='line_1_5' title="bbox 218 600 1179 679; baseline 0.004 -17"><span class='ocrx_word' id='word_1_29' title='bbox 218 600 413 670; x_wconf 62' lang='lat' dir='ltr'><strong>demutant,</strong></span> <span class='ocrx_word' id='word_1_30' title='bbox 438 603 471 665; x_wconf 88' lang='lat' dir='ltr'><strong>in</strong></span> <span class='ocrx_word' id='word_1_31' title='bbox 492 600 674 679; x_wconf 82' lang='lat' dir='ltr'><strong>Capitolium</strong></span> <span class='ocrx_word' id='word_1_32' title='bbox 693 601 736 664; x_wconf 79' lang='lat' dir='ltr'><strong>nd</strong></span> <span class='ocrx_word' id='word_1_33' title='bbox 753 619 828 664; x_wconf 66' lang='lat' dir='ltr'><strong>moos</strong></span> <span class='ocrx_word' id='word_1_34' title='bbox 847 600 941 663; x_wconf 82' lang='lat' dir='ltr'><strong>rediit</strong></span> <span class='ocrx_word' id='word_1_35' title='bbox 968 619 1022 663; x_wconf 87' lang='lat' dir='ltr'><strong>sou</strong></span> <span class='ocrx_word' id='word_1_36' title='bbox 1042 606 1179 666; x_wconf 87' lang='lat' dir='ltr'><strong>attonitis</strong></span> 
     </span>
     <span class='ocr_line' id='line_1_6' title="bbox 218 682 1178 762; baseline 0.004 -16"><span class='ocrx_word' id='word_1_37' title='bbox 218 682 1178 762; x_wconf 61' lang='lat' dir='ltr'><strong>Gallis-niraordoaudaeiae,tsoureligioneetiamnrotis,euius</strong></span> 
     </span>
    </p>
   </div>
   <div class='ocr_carea' id='block_1_4' title="bbox 216 850 1177 1016">
    <p class='ocr_par' dir='ltr' id='par_1_4' title="bbox 216 850 1177 1016">
     <span class='ocr_line' id='line_1_7' title="bbox 217 850 1177 917; baseline 0.004 -5"><span class='ocrx_word' id='word_1_38' title='bbox 217 851 309 912; x_wconf 83' lang='lat' dir='ltr'><strong>animi</strong></span> <span class='ocrx_word' id='word_1_39' title='bbox 331 856 444 916; x_wconf 88' lang='lat' dir='ltr'><strong>tantum</strong></span> <span class='ocrx_word' id='word_1_40' title='bbox 470 851 501 914; x_wconf 89' lang='lat' dir='ltr'><strong>in</strong></span> <span class='ocrx_word' id='word_1_41' title='bbox 525 850 590 916; x_wconf 86' lang='lat' dir='ltr'><strong>dies</strong></span> <span class='ocrx_word' id='word_1_42' title='bbox 616 853 777 914; x_wconf 86' lang='lat' dir='ltr'><strong>sedetiam</strong></span> <span class='ocrx_word' id='word_1_43' title='bbox 796 852 877 917; x_wconf 73' lang='lat' dir='ltr'><strong>uires</strong></span> <span class='ocrx_word' id='word_1_44' title='bbox 899 850 1082 914; x_wconf 81' lang='lat' dir='ltr'><strong>crescebant.</strong></span> <span class='ocrx_word' id='word_1_45' title='bbox 1118 872 1177 916; x_wconf 89' lang='lat' dir='ltr'><strong>nee</strong></span> 
     </span>
     <span class='ocr_line' id='line_1_8' title="bbox 216 933 1175 1016; baseline 0.005 -22"><span class='ocrx_word' id='word_1_46' title='bbox 216 933 357 996; x_wconf 87' lang='lat' dir='ltr'><strong>Romanis</strong></span> <span class='ocrx_word' id='word_1_47' title='bbox 367 933 467 996; x_wconf 89' lang='lat' dir='ltr'><strong>solum</strong></span> <span class='ocrx_word' id='word_1_48' title='bbox 482 952 517 996; x_wconf 92' lang='lat' dir='ltr'><strong>eo</strong></span> <span class='ocrx_word' id='word_1_49' title='bbox 532 935 775 998; x_wconf 82' lang='lat' dir='ltr'><strong>convenientibus</strong></span> <span class='ocrx_word' id='word_1_50' title='bbox 790 936 934 1012; x_wconf 74' lang='lat' dir='ltr'><strong>onagris,</strong></span> <span class='ocrx_word' id='word_1_51' title='bbox 955 937 1005 1012; x_wconf 90' lang='lat' dir='ltr'><strong>qui</strong></span> <span class='ocrx_word' id='word_1_52' title='bbox 1016 944 1069 997; x_wconf 87' lang='lat' dir='ltr'><strong>ant</strong></span> <span class='ocrx_word' id='word_1_53' title='bbox 1079 955 1175 1016; x_wconf 49' lang='lat' dir='ltr'><strong>,pree-</strong></span> 
     </span>
    </p>
   </div>
   <div class='ocr_carea' id='block_1_5' title="bbox 1248 680 1265 767">
    <p class='ocr_par' dir='ltr' id='par_1_5' title="bbox 1248 680 1265 767">
     <span class='ocr_line' id='line_1_9' title="bbox 1248 680 1265 767; baseline 0 -29"><span class='ocrx_word' id='word_1_54' title='bbox 1248 680 1265 767; x_wconf 63' lang='lat' dir='ltr'><strong>(t</strong></span> 
     </span>
    </p>
   </div>
   <div class='ocr_carea' id='block_1_6' title="bbox 78 766 1259 855">
    <p class='ocr_par' dir='ltr' id='par_1_6' title="bbox 78 766 1259 855">
     <span class='ocr_line' id='line_1_10' title="bbox 78 766 1259 855; baseline 0.003 -27"><span class='ocrx_word' id='word_1_55' title='bbox 78 833 81 842; x_wconf 51' lang='lat'><strong>,</strong></span> <span class='ocrx_word' id='word_1_56' title='bbox 183 766 444 845; x_wconf 76' lang='lat' dir='ltr'><strong>rhaudqaaquam</strong></span> <span class='ocrx_word' id='word_1_57' title='bbox 468 766 629 845; x_wconf 62' lang='lat' dir='ltr'><strong>mungens</strong></span> <span class='ocrx_word' id='word_1_58' title='bbox 645 785 723 846; x_wconf 80' lang='lat' dir='ltr'><strong>gens</strong></span> <span class='ocrx_word' id='word_1_59' title='bbox 738 775 855 832; x_wconf 69' lang='lat' dir='ltr'><strong>est--</strong></span> <span class='ocrx_word' id='word_1_60' title='bbox 874 768 947 829; x_wconf 66' lang='lat' dir='ltr'><strong>reis</strong></span> <span class='ocrx_word' id='word_1_61' title='bbox 969 769 1090 830; x_wconf 76' lang='lat' dir='ltr'><strong>interim</strong></span> <span class='ocrx_word' id='word_1_62' title='bbox 1113 789 1179 831; x_wconf 89' lang='lat' dir='ltr'><strong>non</strong></span> <span class='ocrx_word' id='word_1_63' title='bbox 1256 828 1259 855; x_wconf 71' lang='grc'>,</span> 
     </span>
    </p>
   </div>
   <div class='ocr_carea' id='block_1_7' title="bbox 1255 886 1262 1013">
    <p class='ocr_par' dir='ltr' id='par_1_7' title="bbox 1255 886 1262 1013">
     <span class='ocr_line' id='line_1_11' title="bbox 1255 886 1262 1013; baseline 0 0"><span class='ocrx_word' id='word_1_64' title='bbox 1255 886 1262 1013; x_wconf 91' lang='grc'><strong>1</strong></span> 
     </span>
    </p>
   </div>
   <div class='ocr_carea' id='block_1_8' title="bbox 215 1015 1259 1098">
    <p class='ocr_par' dir='ltr' id='par_1_8' title="bbox 215 1015 1259 1098">
     <span class='ocr_line' id='line_1_12' title="bbox 215 1015 1259 1098; baseline 0 -22"><span class='ocrx_word' id='word_1_65' title='bbox 215 1015 255 1076; x_wconf 92' lang='lat' dir='ltr'><strong>lio</strong></span> <span class='ocrx_word' id='word_1_66' title='bbox 268 1017 390 1078; x_wconf 83' lang='lat' dir='ltr'><strong>adverso</strong></span> <span class='ocrx_word' id='word_1_67' title='bbox 403 1024 454 1078; x_wconf 88' lang='lat' dir='ltr'><strong>aut</strong></span> <span class='ocrx_word' id='word_1_68' title='bbox 467 1015 550 1079; x_wconf 87' lang='lat' dir='ltr'><strong>elade</strong></span> <span class='ocrx_word' id='word_1_69' title='bbox 562 1026 665 1098; x_wconf 86' lang='lat' dir='ltr'><strong>captae</strong></span> <span class='ocrx_word' id='word_1_70' title='bbox 675 1018 759 1080; x_wconf 88' lang='lat' dir='ltr'><strong>urbis</strong></span> <span class='ocrx_word' id='word_1_71' title='bbox 769 1017 859 1097; x_wconf 89' lang='lat' dir='ltr'><strong>palati</strong></span> <span class='ocrx_word' id='word_1_72' title='bbox 870 1018 1004 1089; x_wconf 83' lang='lat' dir='ltr'><strong>luerent,</strong></span> <span class='ocrx_word' id='word_1_73' title='bbox 1020 1020 1176 1084; x_wconf 75' lang='lat' dir='ltr'><strong>sedetiam</strong></span> <span class='ocrx_word' id='word_1_74' title='bbox 1256 1028 1259 1076; x_wconf 65' lang='lat'><strong>²,</strong></span> 
     </span>
    </p>
   </div>
   <div class='ocr_carea' id='block_1_9' title="bbox 181 1100 1177 1182">
    <p class='ocr_par' dir='ltr' id='par_1_9' title="bbox 181 1100 1177 1182">
     <span class='ocr_line' id='line_1_13' title="bbox 181 1100 1177 1182; baseline 0.008 -24"><span class='ocrx_word' id='word_1_75' title='bbox 181 1108 252 1161; x_wconf 74' lang='lat' dir='ltr'><strong>aex</strong></span> <span class='ocrx_word' id='word_1_76' title='bbox 271 1100 354 1162; x_wconf 88' lang='lat' dir='ltr'><strong>Latio</strong></span> <span class='ocrx_word' id='word_1_77' title='bbox 374 1100 545 1164; x_wconf 83' lang='lat' dir='ltr'><strong>voluntariis</strong></span> <span class='ocrx_word' id='word_1_78' title='bbox 572 1101 802 1172; x_wconf 81' lang='lat' dir='ltr'><strong>confluentibus,</strong></span> <span class='ocrx_word' id='word_1_79' title='bbox 830 1108 864 1163; x_wconf 90' lang='lat' dir='ltr'><strong>ut</strong></span> <span class='ocrx_word' id='word_1_80' title='bbox 884 1102 917 1162; x_wconf 90' lang='lat' dir='ltr'><strong>in</strong></span> <span class='ocrx_word' id='word_1_81' title='bbox 936 1109 1020 1180; x_wconf 81' lang='lat' dir='ltr'><strong>parta</strong></span> <span class='ocrx_word' id='word_1_82' title='bbox 1042 1105 1177 1182; x_wconf 85' lang='lat' dir='ltr'><strong>praedae</strong></span> 
     </span>
    </p>
   </div>
   <div class='ocr_carea' id='block_1_10' title="bbox 216 1185 1257 1266">
    <p class='ocr_par' dir='ltr' id='par_1_10' title="bbox 216 1185 1257 1266">
     <span class='ocr_line' id='line_1_14' title="bbox 216 1185 1257 1266; baseline 0.005 -20"><span class='ocrx_word' id='word_1_83' title='bbox 216 1191 327 1255; x_wconf 85' lang='lat' dir='ltr'><strong>essent,</strong></span> <span class='ocrx_word' id='word_1_84' title='bbox 351 1191 500 1250; x_wconf 83' lang='lat' dir='ltr'><strong>maturum</strong></span> <span class='ocrx_word' id='word_1_85' title='bbox 520 1187 578 1248; x_wconf 90' lang='lat' dir='ltr'><strong>iam</strong></span> <span class='ocrx_word' id='word_1_86' title='bbox 599 1185 752 1254; x_wconf 81' lang='lat' dir='ltr'><strong>videbatur</strong></span> <span class='ocrx_word' id='word_1_87' title='bbox 773 1187 869 1264; x_wconf 85' lang='lat' dir='ltr'><strong>nepoti</strong></span> <span class='ocrx_word' id='word_1_88' title='bbox 887 1185 1015 1262; x_wconf 74' lang='lat' dir='ltr'><strong>paulam</strong></span> <span class='ocrx_word' id='word_1_89' title='bbox 1037 1189 1176 1266; x_wconf 86' lang='lat' dir='ltr'><strong>eripique</strong></span> <span class='ocrx_word' id='word_1_90' title='bbox 1256 1230 1257 1238; x_wconf 51' lang='lat'><strong>,</strong></span> 
     </span>
    </p>
   </div>
   <div class='ocr_carea' id='block_1_11' title="bbox 216 1267 1174 1348">
    <p class='ocr_par' dir='ltr' id='par_1_11' title="bbox 216 1267 1174 1348">
     <span class='ocr_line' id='line_1_15' title="bbox 216 1267 1174 1348; baseline 0.002 -18"><span class='ocrx_word' id='word_1_91' title='bbox 216 1287 252 1330; x_wconf 83' lang='lat' dir='ltr'><strong>ex</strong></span> <span class='ocrx_word' id='word_1_92' title='bbox 270 1267 400 1335; x_wconf 88' lang='lat' dir='ltr'><strong>hostium</strong></span> <span class='ocrx_word' id='word_1_93' title='bbox 427 1267 573 1332; x_wconf 85' lang='lat' dir='ltr'><strong>manibus.</strong></span> <span class='ocrx_word' id='word_1_94' title='bbox 608 1271 661 1334; x_wconf 86' lang='lat' dir='ltr'><strong>sed</strong></span> <span class='ocrx_word' id='word_1_95' title='bbox 688 1271 808 1348; x_wconf 88' lang='lat' dir='ltr'><strong>corpori</strong></span> <span class='ocrx_word' id='word_1_96' title='bbox 831 1267 926 1330; x_wconf 81' lang='lat' dir='ltr'><strong>vando</strong></span> <span class='ocrx_word' id='word_1_97' title='bbox 949 1276 1037 1348; x_wconf 89' lang='lat' dir='ltr'><strong>eaput</strong></span> <span class='ocrx_word' id='word_1_98' title='bbox 1059 1271 1174 1332; x_wconf 88' lang='lat' dir='ltr'><strong>deerat.</strong></span> 
     </span>
    </p>
   </div>
   <div class='ocr_carea' id='block_1_12' title="bbox 179 1341 1261 1432">
    <p class='ocr_par' dir='ltr' id='par_1_12' title="bbox 179 1341 1261 1432">
     <span class='ocr_line' id='line_1_16' title="bbox 179 1341 1261 1432; baseline 0.004 -22"><span class='ocrx_word' id='word_1_99' title='bbox 179 1357 197 1410; x_wconf 80' lang='lat' dir='ltr'><strong>o</strong></span> <span class='ocrx_word' id='word_1_100' title='bbox 214 1350 298 1413; x_wconf 89' lang='lat' dir='ltr'><strong>loeus</strong></span> <span class='ocrx_word' id='word_1_101' title='bbox 310 1353 374 1430; x_wconf 82' lang='lat' dir='ltr'><strong>ipse</strong></span> <span class='ocrx_word' id='word_1_102' title='bbox 388 1351 566 1414; x_wconf 86' lang='lat' dir='ltr'><strong>admonebat</strong></span> <span class='ocrx_word' id='word_1_103' title='bbox 577 1352 703 1424; x_wconf 83' lang='lat' dir='ltr'><strong>Camilli,</strong></span> <span class='ocrx_word' id='word_1_104' title='bbox 718 1359 750 1414; x_wconf 86' lang='lat' dir='ltr'><strong>et</strong></span> <span class='ocrx_word' id='word_1_105' title='bbox 763 1369 868 1430; x_wconf 85' lang='lat' dir='ltr'><strong>magna</strong></span> <span class='ocrx_word' id='word_1_106' title='bbox 879 1351 1086 1432; x_wconf 73' lang='lat' dir='ltr'><strong>perenuium</strong></span> <span class='ocrx_word' id='word_1_107' title='bbox 1097 1362 1175 1425; x_wconf 82' lang='lat' dir='ltr'><strong>erat,</strong></span> <span class='ocrx_word' id='word_1_108' title='bbox 1258 1341 1261 1414; x_wconf 68' lang='grc' dir='ltr'><strong>ὲ,</strong></span> 
     </span>
    </p>
   </div>
   <div class='ocr_carea' id='block_1_13' title="bbox 213 1423 1263 1684">
    <p class='ocr_par' dir='ltr' id='par_1_13' title="bbox 213 1423 1263 1684">
     <span class='ocr_line' id='line_1_17' title="bbox 215 1423 1262 1515; baseline 0.008 -20"><span class='ocrx_word' id='word_1_109' title='bbox 215 1437 265 1512; x_wconf 93' lang='lat' dir='ltr'><strong>qui</strong></span> <span class='ocrx_word' id='word_1_110' title='bbox 289 1435 379 1501; x_wconf 84' lang='lat' dir='ltr'><strong>ductu</strong></span> <span class='ocrx_word' id='word_1_111' title='bbox 404 1439 597 1514; x_wconf 86' lang='lat' dir='ltr'><strong>auspicioque</strong></span> <span class='ocrx_word' id='word_1_112' title='bbox 625 1437 687 1500; x_wconf 88' lang='lat' dir='ltr'><strong>eius</strong></span> <span class='ocrx_word' id='word_1_113' title='bbox 709 1454 759 1498; x_wconf 86' lang='lat' dir='ltr'><strong>res</strong></span> <span class='ocrx_word' id='word_1_114' title='bbox 781 1453 926 1515; x_wconf 79' lang='lat' dir='ltr'><strong>prospere</strong></span> <span class='ocrx_word' id='word_1_115' title='bbox 940 1443 1118 1513; x_wconf 73' lang='lat' dir='ltr'><strong>gesserant:</strong></span> <span class='ocrx_word' id='word_1_116' title='bbox 1146 1447 1176 1500; x_wconf 90' lang='lat' dir='ltr'><strong>et</strong></span> <span class='ocrx_word' id='word_1_117' title='bbox 1259 1423 1262 1503; x_wconf 80' lang='lat' dir='ltr'><strong>l</strong></span> 
     </span>
     <span class='ocr_line' id='line_1_18' title="bbox 215 1518 1263 1596; baseline 0.006 -16"><span class='ocrx_word' id='word_1_118' title='bbox 215 1518 367 1582; x_wconf 76' lang='lat' dir='ltr'><strong>Caedicius</strong></span> <span class='ocrx_word' id='word_1_119' title='bbox 382 1535 491 1596; x_wconf 86' lang='lat' dir='ltr'><strong>negare</strong></span> <span class='ocrx_word' id='word_1_120' title='bbox 513 1539 546 1582; x_wconf 89' lang='lat' dir='ltr'><strong>se</strong></span> <span class='ocrx_word' id='word_1_121' title='bbox 563 1519 955 1590; x_wconf 65' lang='lat' dir='ltr'><strong>numerumnunerum</strong></span> <span class='ocrx_word' id='word_1_122' title='bbox 975 1527 1028 1580; x_wconf 83' lang='lat' dir='ltr'><strong>aut</strong></span> <span class='ocrx_word' id='word_1_123' title='bbox 1046 1521 1173 1585; x_wconf 79' lang='lat' dir='ltr'><strong>deorum</strong></span> <span class='ocrx_word' id='word_1_124' title='bbox 1259 1576 1263 1589; x_wconf 88' lang='lat'><strong>.</strong></span> 
     </span>
     <span class='ocr_line' id='line_1_19' title="bbox 213 1600 1262 1684; baseline 0.005 -23"><span class='ocrx_word' id='word_1_125' title='bbox 213 1608 264 1662; x_wconf 89' lang='lat' dir='ltr'><strong>aut</strong></span> <span class='ocrx_word' id='word_1_126' title='bbox 286 1600 441 1665; x_wconf 84' lang='lat' dir='ltr'><strong>hominum</strong></span> <span class='ocrx_word' id='word_1_127' title='bbox 463 1603 618 1680; x_wconf 89' lang='lat' dir='ltr'><strong>quisquam</strong></span> <span class='ocrx_word' id='word_1_128' title='bbox 644 1604 803 1682; x_wconf 83' lang='lat' dir='ltr'><strong>imperium</strong></span> <span class='ocrx_word' id='word_1_129' title='bbox 824 1603 924 1664; x_wconf 86' lang='lat' dir='ltr'><strong>finiret</strong></span> <span class='ocrx_word' id='word_1_130' title='bbox 937 1603 1057 1681; x_wconf 87' lang='lat' dir='ltr'><strong>potius,</strong></span> <span class='ocrx_word' id='word_1_131' title='bbox 1082 1623 1173 1684; x_wconf 89' lang='lat' dir='ltr'><strong>quem</strong></span> <span class='ocrx_word' id='word_1_132' title='bbox 1259 1652 1262 1677; x_wconf 88' lang='grc'>,</span> 
     </span>
    </p>
   </div>
   <div class='ocr_carea' id='block_1_14' title="bbox 179 1686 1172 1767">
    <p class='ocr_par' dir='ltr' id='par_1_14' title="bbox 179 1686 1172 1767">
     <span class='ocr_line' id='line_1_20' title="bbox 179 1686 1172 1767; baseline 0.006 -21"><span class='ocrx_word' id='word_1_133' title='bbox 179 1697 196 1746; x_wconf 81' lang='lat'>7</span> <span class='ocrx_word' id='word_1_134' title='bbox 212 1686 277 1764; x_wconf 88' lang='lat' dir='ltr'><strong>ipse</strong></span> <span class='ocrx_word' id='word_1_135' title='bbox 293 1703 408 1747; x_wconf 83' lang='lat' dir='ltr'><strong>memor</strong></span> <span class='ocrx_word' id='word_1_136' title='bbox 424 1686 536 1748; x_wconf 83' lang='lat' dir='ltr'><strong>ordinis</strong></span> <span class='ocrx_word' id='word_1_137' title='bbox 556 1688 603 1750; x_wconf 90' lang='lat' dir='ltr'><strong>sni</strong></span> <span class='ocrx_word' id='word_1_138' title='bbox 618 1694 756 1767; x_wconf 77' lang='lat' dir='ltr'><strong>posceret</strong></span> <span class='ocrx_word' id='word_1_139' title='bbox 774 1689 992 1766; x_wconf 85' lang='lat' dir='ltr'><strong>imperatorem.</strong></span> <span class='ocrx_word' id='word_1_140' title='bbox 1023 1705 1172 1752; x_wconf 74' lang='lat' dir='ltr'><strong>consensu</strong></span> 
     </span>
    </p>
   </div>
   <div class='ocr_carea' id='block_1_15' title="bbox 213 1769 1265 1849">
    <p class='ocr_par' dir='ltr' id='par_1_15' title="bbox 213 1769 1265 1849">
     <span class='ocr_line' id='line_1_21' title="bbox 213 1769 1265 1849; baseline 0.003 -19"><span class='ocrx_word' id='word_1_141' title='bbox 213 1771 346 1832; x_wconf 86' lang='lat' dir='ltr'><strong>omnium</strong></span> <span class='ocrx_word' id='word_1_142' title='bbox 361 1770 472 1849; x_wconf 78' lang='lat' dir='ltr'><strong>placuit</strong></span> <span class='ocrx_word' id='word_1_143' title='bbox 488 1769 524 1830; x_wconf 91' lang='lat' dir='ltr'><strong>ab</strong></span> <span class='ocrx_word' id='word_1_144' title='bbox 539 1771 635 1832; x_wconf 82' lang='lat' dir='ltr'><strong>Ardea</strong></span> <span class='ocrx_word' id='word_1_145' title='bbox 648 1769 801 1833; x_wconf 89' lang='lat' dir='ltr'><strong>Camillum</strong></span> <span class='ocrx_word' id='word_1_146' title='bbox 815 1770 988 1840; x_wconf 66' lang='lat' dir='ltr'><strong>aeennsed</strong></span> <span class='ocrx_word' id='word_1_147' title='bbox 1000 1777 1087 1833; x_wconf 87' lang='lat' dir='ltr'><strong>antea</strong></span> <span class='ocrx_word' id='word_1_148' title='bbox 1099 1790 1173 1833; x_wconf 91' lang='lat' dir='ltr'><strong>een·</strong></span> <span class='ocrx_word' id='word_1_149' title='bbox 1264 1769 1265 1772; x_wconf 68' lang='grc'>’</span> 
     </span>
    </p>
   </div>
   <div class='ocr_carea' id='block_1_16' title="bbox 163 1852 1172 3432">
    <p class='ocr_par' dir='ltr' id='par_1_16' title="bbox 213 1852 1172 1934">
     <span class='ocr_line' id='line_1_22' title="bbox 213 1852 1172 1934; baseline 0.003 -21"><span class='ocrx_word' id='word_1_150' title='bbox 213 1852 289 1914; x_wconf 86' lang='lat' dir='ltr'><strong>suite</strong></span> <span class='ocrx_word' id='word_1_151' title='bbox 300 1859 419 1924; x_wconf 89' lang='lat' dir='ltr'><strong>senatu,</strong></span> <span class='ocrx_word' id='word_1_152' title='bbox 436 1855 487 1932; x_wconf 92' lang='lat' dir='ltr'><strong>qui</strong></span> <span class='ocrx_word' id='word_1_153' title='bbox 500 1854 611 1916; x_wconf 76' lang='lat' dir='ltr'><strong>Itomae</strong></span> <span class='ocrx_word' id='word_1_154' title='bbox 625 1862 716 1920; x_wconf 87' lang='lat' dir='ltr'><strong>esset:</strong></span> <span class='ocrx_word' id='word_1_155' title='bbox 732 1855 805 1915; x_wconf 91' lang='lat' dir='ltr'><strong>adeo</strong></span> <span class='ocrx_word' id='word_1_156' title='bbox 817 1853 941 1931; x_wconf 85' lang='lat' dir='ltr'><strong>regebat</strong></span> <span class='ocrx_word' id='word_1_157' title='bbox 954 1855 1172 1934; x_wconf 87' lang='lat' dir='ltr'><strong>omniapudor,</strong></span> 
     </span>
    </p>

    <p class='ocr_par' dir='ltr' id='par_1_17' title="bbox 163 1936 1172 2684">
     <span class='ocr_line' id='line_1_23' title="bbox 179 1936 1171 2016; baseline 0.004 -22"><span class='ocrx_word' id='word_1_158' title='bbox 179 1943 196 1994; x_wconf 82' lang='lat'>8</span> <span class='ocrx_word' id='word_1_159' title='bbox 213 1936 443 2014; x_wconf 79' lang='lat' dir='ltr'><strong>discriminaque</strong></span> <span class='ocrx_word' id='word_1_160' title='bbox 457 1954 560 2000; x_wconf 89' lang='lat' dir='ltr'><strong>rerum</strong></span> <span class='ocrx_word' id='word_1_161' title='bbox 574 1956 669 2016; x_wconf 86' lang='lat' dir='ltr'><strong>prope</strong></span> <span class='ocrx_word' id='word_1_162' title='bbox 685 1937 808 2016; x_wconf 88' lang='lat' dir='ltr'><strong>perditis</strong></span> <span class='ocrx_word' id='word_1_163' title='bbox 821 1936 1092 2000; x_wconf 76' lang='lat' dir='ltr'><strong>rehusservaltant.</strong></span> <span class='ocrx_word' id='word_1_164' title='bbox 1125 1940 1171 1998; x_wconf 88' lang='lat' dir='ltr'><strong>in-</strong></span> 
     </span>
     <span class='ocr_line' id='line_1_24' title="bbox 212 2020 1171 2100; baseline 0 -18"><span class='ocrx_word' id='word_1_165' title='bbox 212 2022 294 2098; x_wconf 87' lang='lat' dir='ltr'><strong>genti</strong></span> <span class='ocrx_word' id='word_1_166' title='bbox 313 2020 448 2099; x_wconf 80' lang='lat' dir='ltr'><strong>periculo</strong></span> <span class='ocrx_word' id='word_1_167' title='bbox 467 2022 681 2082; x_wconf 86' lang='lat' dir='ltr'><strong>transeundum</strong></span> <span class='ocrx_word' id='word_1_168' title='bbox 702 2039 756 2100; x_wconf 88' lang='lat' dir='ltr'><strong>per</strong></span> <span class='ocrx_word' id='word_1_169' title='bbox 777 2020 906 2082; x_wconf 83' lang='lat' dir='ltr'><strong>hostium</strong></span> <span class='ocrx_word' id='word_1_170' title='bbox 926 2021 1171 2083; x_wconf 65' lang='lat' dir='ltr'><strong>eustodiaserat.</strong></span> 
     </span>
     <span class='ocr_line' id='line_1_25' title="bbox 212 2104 1172 2184; baseline 0 -18"><span class='ocrx_word' id='word_1_171' title='bbox 212 2104 249 2166; x_wconf 91' lang='lat' dir='ltr'><strong>ad</strong></span> <span class='ocrx_word' id='word_1_172' title='bbox 261 2123 326 2168; x_wconf 86' lang='lat' dir='ltr'><strong>eam</strong></span> <span class='ocrx_word' id='word_1_173' title='bbox 338 2121 404 2169; x_wconf 84' lang='lat' dir='ltr'><strong>retu</strong></span> <span class='ocrx_word' id='word_1_174' title='bbox 419 2105 542 2168; x_wconf 77' lang='lat' dir='ltr'><strong>Pontion</strong></span> <span class='ocrx_word' id='word_1_175' title='bbox 554 2105 703 2167; x_wconf 90' lang='lat' dir='ltr'><strong>Cominius</strong></span> <span class='ocrx_word' id='word_1_176' title='bbox 713 2105 833 2183; x_wconf 84' lang='lat' dir='ltr'><strong>inpiger</strong></span> <span class='ocrx_word' id='word_1_177' title='bbox 844 2105 1172 2184; x_wconf 78' lang='lat' dir='ltr'><strong>iuuenisopernmpol·</strong></span> 
     </span>
     <span class='ocr_line' id='line_1_26' title="bbox 212 2186 1171 2252; baseline 0.001 -4"><span class='ocrx_word' id='word_1_178' title='bbox 212 2186 311 2252; x_wconf 85' lang='lat' dir='ltr'><strong>licitus</strong></span> <span class='ocrx_word' id='word_1_179' title='bbox 336 2187 482 2252; x_wconf 76' lang='lat' dir='ltr'><strong>innobans</strong></span> <span class='ocrx_word' id='word_1_180' title='bbox 505 2189 609 2248; x_wconf 85' lang='lat' dir='ltr'><strong>eortiei</strong></span> <span class='ocrx_word' id='word_1_181' title='bbox 628 2188 759 2251; x_wconf 85' lang='lat' dir='ltr'><strong>seeundo</strong></span> <span class='ocrx_word' id='word_1_182' title='bbox 773 2187 875 2249; x_wconf 86' lang='lat' dir='ltr'><strong>Tiberi</strong></span> <span class='ocrx_word' id='word_1_183' title='bbox 892 2189 929 2251; x_wconf 88' lang='lat' dir='ltr'><strong>ad</strong></span> <span class='ocrx_word' id='word_1_184' title='bbox 945 2187 1053 2250; x_wconf 87' lang='lat' dir='ltr'><strong>urbem</strong></span> <span class='ocrx_word' id='word_1_185' title='bbox 1066 2189 1171 2250; x_wconf 82' lang='lat' dir='ltr'><strong>deier-</strong></span> 
     </span>
     <span class='ocr_line' id='line_1_27' title="bbox 177 2271 1171 2352; baseline 0 -18"><span class='ocrx_word' id='word_1_186' title='bbox 177 2278 270 2334; x_wconf 79' lang='lat' dir='ltr'><strong>utur.</strong></span> <span class='ocrx_word' id='word_1_187' title='bbox 302 2271 388 2340; x_wconf 88' lang='lat' dir='ltr'><strong>iude,</strong></span> <span class='ocrx_word' id='word_1_188' title='bbox 416 2287 472 2348; x_wconf 91' lang='lat' dir='ltr'><strong>qua</strong></span> <span class='ocrx_word' id='word_1_189' title='bbox 496 2271 663 2349; x_wconf 87' lang='lat' dir='ltr'><strong>proximum</strong></span> <span class='ocrx_word' id='word_1_190' title='bbox 684 2271 739 2331; x_wconf 90' lang='lat' dir='ltr'><strong>iuit</strong></span> <span class='ocrx_word' id='word_1_191' title='bbox 759 2291 775 2332; x_wconf 93' lang='lat' dir='ltr'><strong>a</strong></span> <span class='ocrx_word' id='word_1_192' title='bbox 794 2273 874 2350; x_wconf 88' lang='lat' dir='ltr'><strong>ripa,</strong></span> <span class='ocrx_word' id='word_1_193' title='bbox 895 2290 951 2351; x_wconf 89' lang='lat' dir='ltr'><strong>per</strong></span> <span class='ocrx_word' id='word_1_194' title='bbox 973 2279 1171 2352; x_wconf 77' lang='lat' dir='ltr'><strong>praeruptum</strong></span> 
     </span>
     <span class='ocr_line' id='line_1_28' title="bbox 213 2353 1171 2434; baseline -0.002 -16"><span class='ocrx_word' id='word_1_195' title='bbox 213 2370 307 2430; x_wconf 86' lang='lat' dir='ltr'><strong>eoque</strong></span> <span class='ocrx_word' id='word_1_196' title='bbox 321 2353 488 2432; x_wconf 82' lang='lat' dir='ltr'><strong>negleutum</strong></span> <span class='ocrx_word' id='word_1_197' title='bbox 501 2353 630 2416; x_wconf 88' lang='lat' dir='ltr'><strong>hostium</strong></span> <span class='ocrx_word' id='word_1_198' title='bbox 651 2355 801 2418; x_wconf 83' lang='lat' dir='ltr'><strong>custodiae</strong></span> <span class='ocrx_word' id='word_1_199' title='bbox 823 2373 925 2417; x_wconf 81' lang='lat' dir='ltr'><strong>sarum</strong></span> <span class='ocrx_word' id='word_1_200' title='bbox 946 2358 977 2416; x_wconf 90' lang='lat' dir='ltr'><strong>in</strong></span> <span class='ocrx_word' id='word_1_201' title='bbox 992 2355 1171 2434; x_wconf 81' lang='lat' dir='ltr'><strong>Capiton</strong></span> 
     </span>
     <span class='ocr_line' id='line_1_29' title="bbox 213 2436 1170 2515; baseline 0 -15"><span class='ocrx_word' id='word_1_202' title='bbox 213 2436 324 2508; x_wconf 84' lang='lat' dir='ltr'><strong>eradit,</strong></span> <span class='ocrx_word' id='word_1_203' title='bbox 346 2446 376 2498; x_wconf 87' lang='lat' dir='ltr'><strong>et</strong></span> <span class='ocrx_word' id='word_1_204' title='bbox 395 2438 433 2499; x_wconf 93' lang='lat' dir='ltr'><strong>ad</strong></span> <span class='ocrx_word' id='word_1_205' title='bbox 453 2439 640 2515; x_wconf 68' lang='lat' dir='ltr'><strong>magistratus</strong></span> <span class='ocrx_word' id='word_1_206' title='bbox 656 2438 762 2500; x_wconf 86' lang='lat' dir='ltr'><strong>duetus</strong></span> <span class='ocrx_word' id='word_1_207' title='bbox 781 2439 917 2503; x_wconf 78' lang='lat' dir='ltr'><strong>mundata</strong></span> <span class='ocrx_word' id='word_1_208' title='bbox 935 2440 1082 2501; x_wconf 84' lang='lat' dir='ltr'><strong>exereitus</strong></span> <span class='ocrx_word' id='word_1_209' title='bbox 1096 2439 1170 2500; x_wconf 90' lang='lat' dir='ltr'><strong>edit.</strong></span> 
     </span>
     <span class='ocr_line' id='line_1_30' title="bbox 163 2520 1170 2600; baseline 0.001 -18"><span class='ocrx_word' id='word_1_210' title='bbox 163 2531 195 2583; x_wconf 81' lang='grc' dir='ltr'><strong>ιο</strong></span> <span class='ocrx_word' id='word_1_211' title='bbox 211 2529 332 2600; x_wconf 85' lang='lat' dir='ltr'><strong>aoeepto</strong></span> <span class='ocrx_word' id='word_1_212' title='bbox 354 2521 424 2582; x_wconf 89' lang='lat' dir='ltr'><strong>inde</strong></span> <span class='ocrx_word' id='word_1_213' title='bbox 439 2529 558 2582; x_wconf 88' lang='lat' dir='ltr'><strong>senatus</strong></span> <span class='ocrx_word' id='word_1_214' title='bbox 574 2520 726 2591; x_wconf 81' lang='lat' dir='ltr'><strong>eonsudto,</strong></span> <span class='ocrx_word' id='word_1_215' title='bbox 749 2521 792 2581; x_wconf 89' lang='lat' dir='ltr'><strong>nti</strong></span> <span class='ocrx_word' id='word_1_216' title='bbox 808 2523 933 2584; x_wconf 83' lang='lat' dir='ltr'><strong>comitiis</strong></span> <span class='ocrx_word' id='word_1_217' title='bbox 948 2523 1068 2584; x_wconf 79' lang='lat' dir='ltr'><strong>curiatis</strong></span> <span class='ocrx_word' id='word_1_218' title='bbox 1081 2539 1170 2583; x_wconf 85' lang='lat' dir='ltr'><strong>revo-</strong></span> 
     </span>
     <span class='ocr_line' id='line_1_31' title="bbox 212 2603 1170 2684; baseline 0 -18"><span class='ocrx_word' id='word_1_219' title='bbox 212 2613 293 2666; x_wconf 88' lang='lat' dir='ltr'><strong>eatus</strong></span> <span class='ocrx_word' id='word_1_220' title='bbox 318 2605 355 2666; x_wconf 89' lang='lat' dir='ltr'><strong>de</strong></span> <span class='ocrx_word' id='word_1_221' title='bbox 382 2603 468 2666; x_wconf 80' lang='lat' dir='ltr'><strong>exilio</strong></span> <span class='ocrx_word' id='word_1_222' title='bbox 492 2606 574 2666; x_wconf 85' lang='lat' dir='ltr'><strong>iussu</strong></span> <span class='ocrx_word' id='word_1_223' title='bbox 589 2603 691 2683; x_wconf 89' lang='lat' dir='ltr'><strong>populi</strong></span> <span class='ocrx_word' id='word_1_224' title='bbox 713 2603 851 2666; x_wconf 81' lang='lat' dir='ltr'><strong>Camillus</strong></span> <span class='ocrx_word' id='word_1_225' title='bbox 874 2605 998 2667; x_wconf 84' lang='lat' dir='ltr'><strong>dictator</strong></span> <span class='ocrx_word' id='word_1_226' title='bbox 1018 2604 1170 2684; x_wconf 87' lang='lat' dir='ltr'><strong>extemplo</strong></span> 
     </span>
    </p>

    <p class='ocr_par' dir='ltr' id='par_1_18' title="bbox 164 2686 1169 3336">
     <span class='ocr_line' id='line_1_32' title="bbox 188 2686 1169 2768; baseline 0 -20"><span class='ocrx_word' id='word_1_227' title='bbox 188 2733 198 2741; x_wconf 89' lang='lat'><strong>.</strong></span> <span class='ocrx_word' id='word_1_228' title='bbox 213 2688 375 2758; x_wconf 84' lang='lat' dir='ltr'><strong>diceretur,</strong></span> <span class='ocrx_word' id='word_1_229' title='bbox 393 2687 560 2766; x_wconf 87' lang='lat' dir='ltr'><strong>militesque</strong></span> <span class='ocrx_word' id='word_1_230' title='bbox 570 2686 716 2749; x_wconf 86' lang='lat' dir='ltr'><strong>haberent</strong></span> <span class='ocrx_word' id='word_1_231' title='bbox 729 2689 939 2766; x_wconf 85' lang='lat' dir='ltr'><strong>imperatorem</strong></span> <span class='ocrx_word' id='word_1_232' title='bbox 948 2707 1037 2768; x_wconf 90' lang='lat' dir='ltr'><strong>quem</strong></span> <span class='ocrx_word' id='word_1_233' title='bbox 1047 2687 1169 2759; x_wconf 80' lang='lat' dir='ltr'><strong>vellent,</strong></span> 
     </span>
     <span class='ocr_line' id='line_1_33' title="bbox 213 2771 1169 2850; baseline -0.002 -16"><span class='ocrx_word' id='word_1_234' title='bbox 213 2772 315 2834; x_wconf 88' lang='lat' dir='ltr'><strong>eadem</strong></span> <span class='ocrx_word' id='word_1_235' title='bbox 337 2771 494 2848; x_wconf 82' lang='lat' dir='ltr'><strong>degressus</strong></span> <span class='ocrx_word' id='word_1_236' title='bbox 511 2772 633 2832; x_wconf 85' lang='lat' dir='ltr'><strong>nuntius</strong></span> <span class='ocrx_word' id='word_1_237' title='bbox 653 2772 740 2834; x_wconf 83' lang='lat' dir='ltr'><strong>Veios</strong></span> <span class='ocrx_word' id='word_1_238' title='bbox 760 2772 923 2842; x_wconf 82' lang='lat' dir='ltr'><strong>contendit,</strong></span> <span class='ocrx_word' id='word_1_239' title='bbox 949 2773 1089 2850; x_wconf 87' lang='lat' dir='ltr'><strong>missique</strong></span> <span class='ocrx_word' id='word_1_240' title='bbox 1111 2771 1169 2832; x_wconf 79' lang='lat' dir='ltr'><strong>Ar·</strong></span> 
     </span>
     <span class='ocr_line' id='line_1_34' title="bbox 164 2853 1164 2934; baseline 0.002 -20"><span class='ocrx_word' id='word_1_241' title='bbox 164 2864 194 2916; x_wconf 89' lang='lat' dir='ltr'><strong>tt</strong></span> <span class='ocrx_word' id='word_1_242' title='bbox 212 2854 297 2918; x_wconf 83' lang='lat' dir='ltr'><strong>deam</strong></span> <span class='ocrx_word' id='word_1_243' title='bbox 318 2853 406 2932; x_wconf 85' lang='lat' dir='ltr'><strong>legati</strong></span> <span class='ocrx_word' id='word_1_244' title='bbox 424 2854 461 2916; x_wconf 90' lang='lat' dir='ltr'><strong>ad</strong></span> <span class='ocrx_word' id='word_1_245' title='bbox 477 2853 630 2916; x_wconf 87' lang='lat' dir='ltr'><strong>Camillum</strong></span> <span class='ocrx_word' id='word_1_246' title='bbox 649 2855 737 2916; x_wconf 85' lang='lat' dir='ltr'><strong>Veios</strong></span> <span class='ocrx_word' id='word_1_247' title='bbox 761 2873 828 2916; x_wconf 88' lang='lat' dir='ltr'><strong>enm</strong></span> <span class='ocrx_word' id='word_1_248' title='bbox 849 2856 1029 2934; x_wconf 80' lang='lat' dir='ltr'><strong>perduxere:</strong></span> <span class='ocrx_word' id='word_1_249' title='bbox 1056 2873 1109 2917; x_wconf 87' lang='lat' dir='ltr'><strong>seu</strong></span> <span class='ocrx_word' id='word_1_250' title='bbox 1128 2890 1164 2900; x_wconf 88' lang='lat'><em>-</em></span> 
     </span>
     <span class='ocr_line' id='line_1_35' title="bbox 205 2936 1167 3018; baseline 0 -18"><span class='ocrx_word' id='word_1_251' title='bbox 205 2938 292 3014; x_wconf 37' lang='lat' dir='ltr'><strong>,quood</strong></span> <span class='ocrx_word' id='word_1_252' title='bbox 305 2938 398 3014; x_wconf 82' lang='lat' dir='ltr'><strong>magis</strong></span> <span class='ocrx_word' id='word_1_253' title='bbox 412 2937 535 2999; x_wconf 85' lang='lat' dir='ltr'><strong>eredere</strong></span> <span class='ocrx_word' id='word_1_254' title='bbox 550 2936 636 3007; x_wconf 85' lang='lat' dir='ltr'><strong>libet,</strong></span> <span class='ocrx_word' id='word_1_255' title='bbox 657 2956 718 2998; x_wconf 88' lang='lat' dir='ltr'><strong>non</strong></span> <span class='ocrx_word' id='word_1_256' title='bbox 738 2940 821 3016; x_wconf 84' lang='lat' dir='ltr'><strong>prius</strong></span> <span class='ocrx_word' id='word_1_257' title='bbox 836 2940 1003 3018; x_wconf 81' lang='lat' dir='ltr'><strong>proiectum</strong></span> <span class='ocrx_word' id='word_1_258' title='bbox 1018 2938 1055 2999; x_wconf 86' lang='lat' dir='ltr'><strong>ab</strong></span> <span class='ocrx_word' id='word_1_259' title='bbox 1069 2939 1167 3000; x_wconf 79' lang='lat' dir='ltr'><strong>Ardea</strong></span> 
     </span>
     <span class='ocr_line' id='line_1_36' title="bbox 212 3019 1167 3102; baseline 0 -20"><span class='ocrx_word' id='word_1_260' title='bbox 212 3037 300 3100; x_wconf 88' lang='lat' dir='ltr'><strong>quam</strong></span> <span class='ocrx_word' id='word_1_261' title='bbox 311 3022 454 3100; x_wconf 84' lang='lat' dir='ltr'><strong>eonperit</strong></span> <span class='ocrx_word' id='word_1_262' title='bbox 467 3019 564 3099; x_wconf 86' lang='lat' dir='ltr'><strong>legem</strong></span> <span class='ocrx_word' id='word_1_263' title='bbox 579 3019 681 3092; x_wconf 88' lang='lat' dir='ltr'><strong>latam,</strong></span> <span class='ocrx_word' id='word_1_264' title='bbox 698 3022 777 3099; x_wconf 91' lang='lat' dir='ltr'><strong>quod</strong></span> <span class='ocrx_word' id='word_1_265' title='bbox 786 3039 847 3083; x_wconf 60' lang='lat' dir='ltr'><strong>enee</strong></span> <span class='ocrx_word' id='word_1_266' title='bbox 859 3023 973 3084; x_wconf 80' lang='lat' dir='ltr'><strong>iniussu</strong></span> <span class='ocrx_word' id='word_1_267' title='bbox 983 3021 1086 3102; x_wconf 92' lang='lat' dir='ltr'><strong>populi</strong></span> <span class='ocrx_word' id='word_1_268' title='bbox 1100 3040 1167 3082; x_wconf 88' lang='lat' dir='ltr'><strong>mu·</strong></span> 
     </span>
     <span class='ocr_line' id='line_1_37' title="bbox 210 3103 1167 3186; baseline 0 -20"><span class='ocrx_word' id='word_1_269' title='bbox 210 3106 268 3166; x_wconf 87' lang='lat' dir='ltr'><strong>tari</strong></span> <span class='ocrx_word' id='word_1_270' title='bbox 288 3103 396 3170; x_wconf 80' lang='lat' dir='ltr'><strong>finibus</strong></span> <span class='ocrx_word' id='word_1_271' title='bbox 416 3112 532 3183; x_wconf 87' lang='lat' dir='ltr'><strong>posset,</strong></span> <span class='ocrx_word' id='word_1_272' title='bbox 549 3122 615 3168; x_wconf 56' lang='lat' dir='ltr'><strong>:neo</strong></span> <span class='ocrx_word' id='word_1_273' title='bbox 633 3105 691 3166; x_wconf 90' lang='lat' dir='ltr'><strong>nisi</strong></span> <span class='ocrx_word' id='word_1_274' title='bbox 713 3105 837 3166; x_wconf 78' lang='lat' dir='ltr'><strong>dictator</strong></span> <span class='ocrx_word' id='word_1_275' title='bbox 861 3107 956 3168; x_wconf 85' lang='lat' dir='ltr'><strong>dietus</strong></span> <span class='ocrx_word' id='word_1_276' title='bbox 977 3107 1107 3186; x_wconf 80' lang='lat' dir='ltr'><strong>auspicia</strong></span> <span class='ocrx_word' id='word_1_277' title='bbox 1133 3107 1167 3166; x_wconf 94' lang='lat' dir='ltr'><strong>in</strong></span> 
     </span>
     <span class='ocr_line' id='line_1_38' title="bbox 211 3187 1168 3336; baseline -0.002 -84"><span class='ocrx_word' id='word_1_278' title='bbox 211 3187 469 3336; x_wconf 57' lang='lat' dir='ltr'><strong>{perdtuhabere</strong></span> <span class='ocrx_word' id='word_1_279' title='bbox 487 3223 523 3234; x_wconf 91' lang='lat'><em>-</em></span> <span class='ocrx_word' id='word_1_280' title='bbox 538 3187 588 3250; x_wconf 82' lang='lat' dir='ltr'><strong>lex</strong></span> <span class='ocrx_word' id='word_1_281' title='bbox 604 3189 717 3250; x_wconf 87' lang='lat' dir='ltr'><strong>ouriata</strong></span> <span class='ocrx_word' id='word_1_282' title='bbox 730 3188 789 3250; x_wconf 87' lang='lat' dir='ltr'><strong>lata</strong></span> <span class='ocrx_word' id='word_1_283' title='bbox 803 3197 848 3251; x_wconf 86' lang='lat' dir='ltr'><strong>est</strong></span> <span class='ocrx_word' id='word_1_284' title='bbox 862 3189 1047 3269; x_wconf 83' lang='lat' dir='ltr'><strong>dietetorque</strong></span> <span class='ocrx_word' id='word_1_285' title='bbox 1059 3187 1168 3250; x_wconf 71' lang='lat' dir='ltr'><strong>ahmns</strong></span> 
     </span>
    </p>

    <p class='ocr_par' dir='ltr' id='par_1_19' title="bbox 180 3272 1169 3432">
     <span class='ocr_line' id='line_1_39' title="bbox 233 3272 317 3334; baseline 0 -2"><span class='ocrx_word' id='word_1_286' title='bbox 233 3272 317 3334; x_wconf 76' lang='lat' dir='ltr'><strong>&#39;ntus</strong></span> 
     </span>
     <span class='ocr_line' id='line_1_40' title="bbox 180 3353 1169 3432; baseline 0.004 -18"><span class='ocrx_word' id='word_1_287' title='bbox 180 3363 195 3414; x_wconf 91' lang='lat' dir='ltr'><strong>t</strong></span> <span class='ocrx_word' id='word_1_288' title='bbox 273 3353 382 3418; x_wconf 77' lang='lat' dir='ltr'><strong>xuvu.</strong></span> <span class='ocrx_word' id='word_1_289' title='bbox 407 3353 482 3416; x_wconf 83' lang='lat' dir='ltr'><strong>iluna</strong></span> <span class='ocrx_word' id='word_1_290' title='bbox 491 3353 565 3420; x_wconf 87' lang='lat' dir='ltr'><strong>haee</strong></span> <span class='ocrx_word' id='word_1_291' title='bbox 580 3355 646 3416; x_wconf 77' lang='lat' dir='ltr'><strong>Veis</strong></span> <span class='ocrx_word' id='word_1_292' title='bbox 662 3353 839 3432; x_wconf 80' lang='lat' dir='ltr'><strong>agebantur,</strong></span> <span class='ocrx_word' id='word_1_293' title='bbox 856 3357 976 3417; x_wconf 90' lang='lat' dir='ltr'><strong>interim</strong></span> <span class='ocrx_word' id='word_1_294' title='bbox 990 3375 1042 3418; x_wconf 77' lang='lat' dir='ltr'><strong>err</strong></span> <span class='ocrx_word' id='word_1_295' title='bbox 1053 3356 1169 3418; x_wconf 78' lang='lat' dir='ltr'><strong>ilonaae</strong></span> 
     </span>
    </p>
   </div>
   <div class='ocr_carea' id='block_1_17' title="bbox 178 3435 1265 3518">
    <p class='ocr_par' dir='ltr' id='par_1_20' title="bbox 178 3435 1265 3518">
     <span class='ocr_line' id='line_1_41' title="bbox 178 3435 1265 3518; baseline 0.014 -27"><span class='ocrx_word' id='word_1_296' title='bbox 178 3441 195 3491; x_wconf 83' lang='lat'>2</span> <span class='ocrx_word' id='word_1_297' title='bbox 212 3435 492 3516; x_wconf 82' lang='lat' dir='ltr'><strong>Capitoliumquein</strong></span> <span class='ocrx_word' id='word_1_298' title='bbox 503 3439 615 3514; x_wconf 83' lang='lat' dir='ltr'><strong>ingenti</strong></span> <span class='ocrx_word' id='word_1_299' title='bbox 631 3438 764 3516; x_wconf 85' lang='lat' dir='ltr'><strong>periculo</strong></span> <span class='ocrx_word' id='word_1_300' title='bbox 781 3440 844 3500; x_wconf 82' lang='lat' dir='ltr'><strong>fuit.</strong></span> <span class='ocrx_word' id='word_1_301' title='bbox 875 3457 1002 3518; x_wconf 86' lang='lat' dir='ltr'><strong>namque</strong></span> <span class='ocrx_word' id='word_1_302' title='bbox 1020 3437 1095 3502; x_wconf 86' lang='lat' dir='ltr'><strong>Galli</strong></span> <span class='ocrx_word' id='word_1_303' title='bbox 1112 3457 1168 3500; x_wconf 87' lang='lat' dir='ltr'><strong>seu</strong></span> <span class='ocrx_word' id='word_1_304' title='bbox 1264 3495 1265 3506; x_wconf 47' lang='lat'>2</span> 
     </span>
    </p>
   </div>
   <div class='ocr_carea' id='block_1_18' title="bbox 0 0 1272 3956">
    <p class='ocr_par' dir='ltr' id='par_1_21' title="bbox 0 0 1272 3956">
     <span class='ocr_line' id='line_1_42' title="bbox 0 0 1272 3956; baseline 0 3"><span class='ocrx_word' id='word_1_305' title='bbox 0 0 1272 3956; x_wconf 95' lang='lat' dir='ltr'><strong> </strong></span> 
     </span>
    </p>
   </div>
   <div class='ocr_carea' id='block_1_19' title="bbox 1262 1777 1270 2858">
    <p class='ocr_par' dir='ltr' id='par_1_22' title="bbox 1262 1777 1270 2858">
     <span class='ocr_line' id='line_1_43' title="bbox 1262 1777 1270 2858; baseline 0 0"><span class='ocrx_word' id='word_1_306' title='bbox 1262 1777 1270 2858; x_wconf 95' lang='lat' dir='ltr'><strong> </strong></span> 
     </span>
    </p>
   </div>
  </div>
 </body>
</html>
