2548 3954
289 186 384 244 ninus
400 203 420 244 ι,
448 201 518 246 uer.
533 193 577 248 te.
593 194 637 250 46.
664 183 703 266 [o.
720 184 755 246 Ο.
766 189 899 266 'ste-534]
1031 195 1071 255 47

180 350 264 414 xiv.
282 351 373 414 tuen
386 351 501 415 civitate
516 352 715 430 magnitudine
729 351 821 420 urbis,
833 350 966 416 formatis
976 356 1072 416 omni·
1092 351 1102 402 ¹

119 436 175 498 bus
195 435 275 498 doru
296 443 327 498 et
348 433 384 496 ad
402 431 475 496 belii
495 443 524 496 et
541 435 578 498 ad
594 437 774 515 pensurus,
792 452 831 496 ne
848 454 965 516 semper
981 441 1071 500 ermis

119 539 192 602 opos
213 520 457 598 acquirerentur,
487 519 609 580 oonsilio
633 538 741 598 augere
766 521 925 598 imperium
950 527 1070 582 conatus

119 611 181 676 est,
201 603 288 666 simod
308 610 337 666 et
358 600 478 679 aliquod
497 603 607 666 addere
630 603 698 665 urbi
718 605 817 666 decus
847 605 906 664 iun
924 611 986 666 turn
1005 612 1103 675 erate

118 687 252 751 inobtunr
273 687 382 748 Dianae
395 684 543 764 Ephesiae
561 688 671 750 ionum.
702 687 733 748 id
756 689 952 768 communiter
967 706 983 748 a
1000 689 1069 750 eivi-

119 771 226 833 tatibus
239 772 325 835 Asiae
339 772 449 832 ieonum
462 770 540 832 ieme
554 770 678 832 terebat.
706 790 775 834 eum
788 787 966 835 eonsensum
984 772 1069 834 deos·

118 874 176 934 que
197 857 380 918 oonsoeietos
400 853 521 916 laudere
540 856 616 916 mire
631 856 750 918 Servius
768 857 847 916 inter
859 873 1001 935 proceres
1014 855 1068 916 Lu·

118 942 262 1009 duorum,
276 957 345 1000 eurn
359 936 468 1016 quibus
481 937 599 1017 publice
613 941 808 1018 privatimque
822 937 949 1020 hospitio
967 940 1067 1001 amici-

117 1025 231 1100 tiasque
247 1022 284 1084 de
298 1022 442 1084 iudoutrie
456 1023 600 1100 iunxerat.
629 1041 718 1102 saepe
732 1023 866 1085 iterando
882 1023 985 1084 eadem
999 1041 1067 1102 per·

116 1105 191 1188 pulit
207 1106 337 1177 taudenu
357 1111 389 1166 ut
406 1104 518 1166 Romae
532 1105 632 1166 tanum
645 1106 755 1168 Dianae
769 1105 873 1186 populi
885 1105 983 1166 Latini
1001 1123 1067 1166 eum

116 1189 226 1271 poptdo
243 1189 376 1252 Romano
395 1189 535 1250 furerent
565 1207 598 1250 ea
623 1197 687 1251 eret
701 1191 848 1252 confessio
864 1198 952 1268 eaput
967 1207 1067 1252 rerum
1084 1195 1101 1246 t

116 1275 239 1336 Romam
256 1292 330 1343 esse,
346 1273 383 1334 de
397 1289 456 1350 quo
469 1274 578 1334 totiens
593 1274 682 1334 armis
695 1279 840 1335 tentatum
855 1274 959 1334 iuerat

177 1357 210 1419 Id
226 1373 402 1435 montonem
426 1355 566 1418 omissum
585 1358 644 1417 iem
663 1374 699 1418 ex
713 1358 845 1417 omnium
864 1374 934 1418 cura
950 1355 1066 1420 Lutirro·

116 1461 183 1503 rum
198 1440 235 1502 ob
251 1457 316 1502 rem
332 1441 437 1502 totiens
451 1438 609 1502 'urioiieiter
619 1447 788 1518 temptatam
801 1441 891 1502 ermis
904 1439 1065 1510 videbatur,

116 1527 167 1586 uni
189 1543 221 1588 se
242 1543 278 1586 ex
292 1523 409 1587 Sobinis
428 1523 493 1586 iore
514 1523 588 1586 dero
607 1525 667 1586 visa
682 1530 727 1586 est
740 1525 853 1603 privato
868 1523 991 1586 consilio
1009 1527 1064 1587 im-

116 1610 191 1689 perii
211 1607 416 1687 reeuperondi.
445 1606 549 1670 busin
568 1607 685 1670 Sabinis
704 1614 770 1670 nata
793 1609 910 1670 oudam
931 1609 1008 1689 patri
1022 1609 1097 1670 itt-4

116 1693 212 1754 miliae
233 1692 340 1753 dicitu
361 1691 495 1752 mbondu
514 1691 716 1770 magnitudine
731 1710 768 1752 oo
792 1693 902 1772 speeie.
931 1693 988 1754 fixo
1010 1710 1065 1770 per

116 1777 220 1838 multos
237 1782 349 1838 oetnteo
367 1793 479 1836 oornua
497 1777 527 1836 in
548 1773 693 1838 vestibtdo
714 1775 816 1856 tempii
830 1776 939 1838 Dianae
961 1793 1064 1836 monu-

116 1869 246 1924 mentum
264 1862 294 1922 ei
317 1859 402 1922 tuere
424 1857 576 1921 nnoeuto.
605 1859 722 1930 trobitn,
741 1868 774 1920 ut
789 1868 861 1930 erat,
875 1878 925 1922 res
937 1859 1094 1938 prodigiit

115 1945 181 2006 loeo
190 1951 252 2014 est-3
268 1951 298 2006 et
308 1943 447 2006 eooinere
458 1947 546 2014 vates,
560 1945 644 2006 cuius
655 1944 778 2006 civitatis
790 1961 855 2006 earn
868 1943 946 2004 eires
956 1941 1065 2006 [tianae

115 2027 329 2098 mutassent,
350 2026 393 2088 ibi
406 2027 471 2088 iore
487 2027 662 2106 imperium
685 2028 774 2104 idque
788 2043 908 2088 carmen
922 2042 1064 2104 perreno-
1082 2029 1099 2080 o

114 2121 160 2174 rot
175 2112 213 2174 od
227 2111 384 2174 antistitem
395 2111 456 2172 iuni
466 2110 585 2182 Dianae,
601 2109 797 2188 Sabinusque,
813 2117 845 2170 ut
858 2110 987 2190 primum
998 2118 1064 2191 epte

115 2197 177 2258 dies
194 2196 339 2258 sacrificio
355 2197 415 2258 viso
432 2202 492 2266 est,
513 2194 619 2258 bovem
632 2195 756 2256 Romam
781 2201 875 2256 neum
896 2193 1013 2256 deducit
1029 2192 1065 2252 ad
1094 2250 1097 2258 s

114 2281 216 2342 funum
230 2279 339 2342 bienno
354 2287 384 2342 et
399 2287 466 2342 outo
481 2297 562 2340 orem
575 2281 686 2342 statut.
713 2277 757 2338 ibi
773 2279 892 2340 antistes
905 2275 1064 2346 Romanus,

115 2381 182 2426 curn
205 2377 273 2425 etun
291 2363 460 2442 magnitudo
488 2365 622 2426 riutimae
647 2360 794 2425 celebrate
818 2361 895 2422 ieme
917 2361 1064 2429 movisset,

114 2465 228 2510 mensor
249 2449 386 2527 responsi
405 2445 548 2510 Sabinum
574 2448 613 2508 ita
639 2445 821 2524 adloquitur:
849 2444 1011 2522 „quidnam
1034 2451 1065 2502 tu

114 2532 359 2611 improperetur
373 2532 476 2610 inquit,
490 2532 621 2601 „inooete
635 2530 814 2592 sacrificium
825 2527 935 2588 Dianae
946 2527 1065 2588 iaceret

115 2618 237 2694 qrrintu
250 2623 317 2678 onte
331 2616 394 2676 viro
410 2614 598 2694 perfunderis
613 2612 753 2677 ssumhei
773 2611 873 2672 infima
890 2608 964 2672 veile
979 2627 1064 2688 proe-

115 2701 178 2762 iiuit
191 2699 337 2762 Tiberis.“
358 2698 502 2778 religione
518 2705 611 2760 tentus
624 2697 743 2775 hospes,
758 2695 810 2773 qui
825 2694 932 2765 onmia,
948 2701 981 2756 ut
995 2710 1064 2772 pro·
1083 2707 1098 2755 7

116 2785 194 2862 digio
213 2784 408 2864 responderet
430 2789 566 2853 eventus,
588 2787 712 2861 cuperet
725 2782 782 2842 rito
803 2780 892 2849 iacta,
919 2775 1064 2856 extempio

115 2868 266 2932 deseendit
283 2868 321 2930 ud
342 2866 483 2931 Tiberim.
513 2868 626 2928 interea
647 2865 797 2928 Romanus
810 2862 942 2924 immolat
954 2862 1064 2922 Dionae

115 2951 228 3014 bovem
259 2951 290 3014 id
304 2953 379 3014 mire
396 2958 512 3030 gratum
525 2951 589 3028 rogi
609 2956 696 3028 obrue
713 2949 821 3010 civitati
835 2947 898 3009 iuit.

173 3035 268 3096 xbvt
291 3035 410 3102 servius
423 3036 671 3114 uenenum-iam
685 3051 740 3095 tun
750 3031 830 3094 baud
841 3028 929 3092 dubie
939 3046 1064 3108 regnum

114 3119 300 3198 possederat,
322 3125 434 3189 tomen,
455 3119 524 3196 quis
540 3117 688 3184 irrterdunr
708 3117 810 3176 iactari
824 3132 911 3176 voees
929 3115 1064 3174 siurone

114 3202 277 3280 Tarquinio
293 3202 432 3266 oudiebot
451 3219 484 3264 se
498 3202 612 3262 iniussu
627 3198 729 3280 popuii
744 3215 885 3276 regnare,
911 3189 1063 3257 conciliata

114 3287 197 3364 prius
217 3285 364 3350 voiuutote
384 3285 480 3366 piebis
502 3302 575 3364 ogre
593 3291 678 3363 copto
694 3301 730 3344 ex
750 3280 883 3360 hostibus
896 3281 1005 3341 viritim
1019 3278 1062 3339 di-

114 3371 175 3431 viso
197 3385 285 3432 emus
306 3378 350 3432 est
371 3371 452 3434 serre
471 3369 508 3432 ad
531 3367 689 3448 poputum,
706 3365 814 3428 vellent
833 3364 1010 3440 iuberentne
1032 3382 1063 3424 se

113 3471 255 3533 regnem
271 3461 410 3534 tantoque
425 3469 586 3521 oursensu,
602 3459 710 3530 quonto
727 3448 806 3512 houd
823 3450 976 3528 quisquam
990 3445 1063 3506 atius
