2572 3956
229 198 268 260 52
382 209 476 250 nunna
492 208 511 248 1.
538 206 608 250 oar.
625 199 668 252 50.
684 199 727 253 51.
754 184 793 269 [a.
810 207 839 246 u.
855 207 881 248 o.
896 185 1025 268 aarum]

231 357 406 416 conveniant
428 355 543 419 indicit:
567 373 632 416 esse
655 371 730 431 quae
752 369 840 432 agere
853 352 890 414 de
910 352 1002 414 rebus
1019 359 1179 416 communi·

197 435 286 504 rbus
308 438 385 500 velit
417 439 594 502 conveniunt
613 437 784 515 frequentes
802 438 900 516 prima
921 435 997 504 luce.
1029 439 1094 515 ipse
1109 438 1181 500 Tar-

230 523 349 601 quinius
373 522 449 584 diem
471 521 590 599 quidem
611 523 748 590 servavit,
773 519 825 582 sed
847 518 934 598 paulo
950 528 1017 584 ante
1034 537 1121 598 quam
1137 521 1182 584 sol

231 605 381 668 occideret
397 607 484 667 venit
511 603 602 668 mrdte
613 602 655 664 ibi
668 611 728 664 toto
741 603 788 666 die
799 605 831 664 in
842 601 968 664 concilio
980 605 1067 664 variis
1078 604 1182 668 iactata

198 693 214 748 3
229 688 417 752 sermonibus
432 695 527 750 erant.
555 688 673 750 Turnus
686 687 855 749 Herdonius
870 685 907 748 ab
930 686 1026 750 Aricia
1041 688 1181 750 ferociter

229 773 262 834 in
277 771 428 834 absentem
446 772 639 850 Tarquinium
652 777 716 832 erat
728 772 875 832 insectus:
900 769 980 830 haud
994 773 1102 834 mirum
1118 790 1182 834 esse

231 855 366 934 Superbo
380 855 506 915 inditum
523 854 633 915 Itomae
649 870 824 931 cognomen.
839 855 947 917 -iam
964 855 1043 916 enim
1057 855 1097 917 ita
1109 853 1183 920 olum

230 939 350 1016 quidem
366 939 562 1008 mussitantes,
580 935 665 1015 volgo
681 945 779 999 tamen
792 954 860 998 eum
874 935 1063 1016 appellabant
1075 955 1129 1006 -3
1145 955 1182 998 an

230 1023 388 1100 quicquam
403 1018 560 1100 superbius
576 1039 641 1082 esse
657 1038 745 1098 quam
759 1019 903 1081 luditicari
915 1021 958 1080 sic
972 1037 1060 1083 omne
1074 1037 1182 1084 nomen

198 1104 385 1168 ruaununr
411 1104 597 1184 principibus
621 1103 709 1182 louge
724 1122 741 1164 a
756 1103 843 1164 domo
866 1105 970 1166 excitis
995 1105 1106 1188 ipsum,
1133 1105 1183 1183 qui

232 1187 390 1250 concilium
409 1189 562 1258 indixerit,
588 1205 649 1248 non
671 1187 783 1250 adesse.
817 1188 955 1264 temptari
981 1188 1116 1267 proiecto
1132 1206 1183 1269 pa·

233 1273 377 1342 tiendum,
399 1281 446 1344 ut,
469 1275 494 1333 si
508 1273 609 1351 iugum
621 1273 800 1350 acceperint,
815 1269 960 1338 obnoxios
974 1278 1098 1350 premat
1136 1274 1183 1332 cui

232 1357 311 1418 enim
326 1374 386 1416 non
400 1373 561 1434 apparere,
583 1355 731 1417 adfectare
745 1372 813 1417 eum
827 1355 986 1434 imperium
1002 1355 1034 1417 in
1047 1353 1184 1417 Latinosi

232 1439 310 1518 quod
332 1441 357 1499 si
378 1443 424 1502 sui
444 1437 521 1500 bene
537 1439 718 1502 crediderint
736 1440 828 1509 cives,
846 1439 936 1502 autsi
951 1438 1097 1502 creditum
1112 1438 1184 1500 illud

232 1529 261 1584 et
277 1539 338 1582 non
359 1530 476 1601 raptum
490 1523 649 1601 parricidio
670 1524 722 1592 sit,
747 1522 871 1584 credere
886 1529 915 1584 et
929 1520 1063 1591 memes,
1082 1538 1183 1600 quom-

197 1607 214 1661 o
232 1622 320 1684 quam
330 1623 367 1670 ne
379 1606 422 1666 sic
434 1606 554 1683 quidem
560 1604 752 1684 alienigenae,
762 1602 887 1668 debere:
901 1606 947 1668 sin
958 1623 1027 1667 suos
1040 1606 1104 1669 eius
1114 1624 1183 1684 pne-

231 1691 336 1759 niteat,
359 1690 468 1770 quippe
485 1691 536 1767 qui
557 1687 607 1752 alii
629 1706 719 1767 super
737 1687 810 1750 alios
825 1689 1021 1759 trucidentur,
1036 1688 1184 1750 exulatum
1281 1725 1282 1738 ,

231 1781 309 1842 eant,
322 1771 401 1834 bona
416 1774 556 1843 amittant,
577 1772 648 1851 quid
665 1773 730 1852 spei
746 1770 879 1836 melioris
895 1771 1006 1835 Latinis
1026 1773 1183 1852 portendit

229 1858 256 1918 si
272 1875 304 1918 se
319 1856 446 1927 audiant,
463 1856 582 1918 domun
597 1874 680 1920 suam
696 1871 843 1935 quemque
858 1856 927 1920 inde
939 1854 1072 1918 abituros
1086 1873 1183 1933 neque

231 1942 324 2018 magis
339 1939 546 2004 observatruos
557 1941 635 2002 diem
647 1939 766 2002 concilii
777 1956 865 2018 wem
878 1940 952 2018 ipse,
969 1941 1021 2018 qni
1034 1939 1183 2008 indixerit,

231 2023 375 2084 observet.
409 2023 484 2086 haec
504 2033 591 2104 atque
605 2023 670 2084 alia
694 2023 798 2084 eodem
823 2025 1000 2103 pertinentia
1029 2022 1184 2092 seditiosus

230 2104 473 2186 facinorosusque
487 2109 576 2169 homo
591 2109 686 2185 iisque
701 2105 813 2168 artibus
824 2125 897 2186 opes
908 2107 988 2171 domi
1002 2114 1105 2168 nactus
1116 2124 1184 2168 cum

195 2199 212 2250 8
230 2192 356 2252 maxime
370 2191 537 2260 dissereret,
556 2192 713 2252 intervenit
727 2190 914 2268 Tarquinius.
937 2192 962 2252 is
976 2191 1043 2252 finis
1058 2191 1184 2250 orationi

229 2272 292 2334 suit.
325 2276 418 2336 aversi
436 2291 538 2335 omnes
553 2273 590 2335 ad
606 2273 801 2352 Tarquinium
811 2272 1011 2342 salutandum:
1028 2275 1079 2352 qui
1093 2272 1183 2339 silen-

228 2357 270 2418 tio
285 2357 362 2418 iacto
376 2359 504 2418 monitus
518 2375 535 2418 a
549 2359 703 2436 proximis,
716 2365 750 2419 ut
763 2365 905 2436 purgaret
918 2375 959 2427 se,
978 2355 1098 2435 quodid
1109 2364 1183 2419 tem·

229 2441 311 2518 poris
327 2441 462 2512 venisset,
478 2441 705 2520 disceptatorem
720 2442 761 2502 ait
770 2459 803 2502 se
815 2447 964 2522 sumptum
977 2441 1055 2502 inter
1068 2449 1181 2520 patrem

230 2529 260 2585 et
274 2523 366 2586 fllium
381 2543 452 2586 cura
466 2524 680 2587 reconciliandi
696 2543 748 2588 eos
763 2525 794 2586 in
805 2525 929 2602 gratiam
939 2531 1086 2591 moratum
1101 2541 1182 2592 essm

230 2614 260 2669 et
274 2608 342 2686 qnia
359 2626 393 2670 ea
409 2626 459 2672 res
477 2610 633 2671 exemisset
645 2607 729 2670 illum
743 2608 830 2678 diem,
846 2617 966 2686 postero
979 2608 1027 2676 dic
1038 2615 1174 2668 acturum

196 2705 305 2768 aquae
329 2693 536 2754 constituisset.
567 2710 605 2753 ne
625 2691 657 2754 id
680 2692 800 2769 quidem
824 2690 861 2752 ab
877 2692 979 2758 Turno
993 2691 1095 2752 tulisse
1111 2691 1184 2751 taci-

228 2781 292 2834 tum
311 2775 427 2843 ierunt;
459 2775 567 2839 dixisse
591 2776 671 2836 enim
685 2775 795 2836 nullam
817 2772 984 2837 breviorem
999 2792 1065 2836 esse
1081 2775 1184 2850 cogni·

230 2858 340 2920 tionem
363 2875 450 2935 quam
471 2861 548 2920 inter
567 2866 681 2936 patrem
703 2866 733 2920 et
751 2855 858 2929 fliium,
882 2860 1042 2937 paucisque
1056 2857 1184 2934 uansigi

229 2938 327 3002 verbis
341 2959 443 3019 posse:
460 2944 493 3004 ni
506 2949 609 3020 pareat
618 2944 704 3021 patri,
722 2939 891 3008 habiturum
902 2940 1095 3004 infortunium
1106 2957 1183 3002 esse.

204 3031 209 3070 ³
288 3023 334 3084 Li.
364 3024 444 3086 Haec
464 3026 600 3089 Aricinus
619 3028 651 3088 in
672 3042 774 3102 regem
795 3024 959 3088 Romanum
973 3026 1131 3103 increpans
1146 3041 1183 3086 ex

229 3107 355 3170 concilio
376 3107 456 3170 abiit.
490 3126 577 3186 quam
596 3127 661 3172 rem
684 3099 861 3186 Tarquinius
875 3107 1024 3188 aliquanto
1040 3125 1127 3186 quam
1140 3107 1183 3166 vi-
1268 3087 1278 3140 Ψ

229 3191 354 3254 debatur
374 3193 492 3271 aegrius
511 3192 612 3254 ferens
628 3192 783 3255 confestim
796 3192 897 3253 Turno
912 3210 1017 3254 necem
1033 3191 1183 3254 machina·

228 3282 291 3344 tur,
314 3283 346 3335 ut
364 3276 489 3338 eundem
510 3282 672 3347 terrorem,
696 3294 755 3354 quo
778 3277 884 3340 civium
906 3278 1020 3338 animos
1035 3275 1114 3336 dorni
1128 3292 1182 3352 op·
1209 3268 1213 3276 '
1277 3329 1278 3332 ,

194 3366 210 3415 2
228 3366 386 3434 presserat,
401 3360 512 3442 Lptinis
526 3360 659 3422 iniceret.
683 3367 712 3422 et
729 3360 797 3438 quia
813 3378 869 3438 pro
882 3360 1007 3438 imperio
1024 3358 1120 3438 palam
1135 3357 1182 3416 in·

230 3440 324 3501 teriici
340 3458 400 3501 non
415 3450 538 3521 poterat,
554 3441 652 3504 oblato
667 3443 741 3506 salso
756 3444 882 3504 emmine
898 3443 1044 3506 insontem
1058 3457 1181 3521 oppres·
