2580 3954
230 209 293 272 2116
374 219 528 264 1111111.
552 221 628 288 Ι111.
644 213 670 266 9.
685 212 728 267 10.
755 199 795 282 [a.
814 223 844 262 u.
860 223 885 262 c.
901 213 962 266 311.
976 203 1039 280 312]

196 383 213 434 7
230 371 320 433 trium
331 371 402 432 daut
412 371 458 431 ius
473 371 651 448 nuptiarum.
681 369 733 430 sed
744 369 786 430 vis
797 371 946 447 potentior
960 370 1024 430 luit.
1047 361 1184 448 'narrrque

191 462 194 474 ’
229 460 360 526 tutores,
378 456 455 516 inter
466 472 537 516 11111
548 451 785 531 partisbomines
796 453 834 513 de
845 454 953 513 iniuria
964 453 1076 514 decreti
1085 452 1185 530 palam

229 539 261 600 ln
277 539 343 600 loro
363 538 540 606 contionati,
562 553 652 597 manu
673 535 750 596 11111
767 538 909 613 virginem
925 555 961 598 ex
976 537 1063 596 domo
1080 539 1184 598 matris

194 630 212 682 ⁸
228 623 356 702 rapiunt
386 621 525 682 adversus
541 638 614 698 quos
630 619 766 680 infestior
778 627 879 680 coorta
895 620 1090 698 optumatium
1103 623 1184 682 11111

116 762 123 768 .
229 707 364 784 sequitur
378 721 536 766 accensum
560 704 668 764 iniuria
687 705 831 764 iuvenem.
866 704 899 764 lit
917 703 1065 782 proelium
1087 711 1183 764 atrox.

228 789 313 869 pulsa
327 786 426 867 plebs,
443 787 516 848 nihil
527 787 676 848 Romanae
688 785 768 864 plebi
779 786 898 857 similis,
919 795 1030 848 armata
1051 807 1087 849 11
1109 787 1184 848 urbe

228 873 362 952 prolecta
382 870 458 932 colle
482 870 609 949 quodam
632 877 717 948 capto
738 871 769 929 in
787 888 875 948 agros
901 873 1096 950 optumatium
1114 889 1184 932 cum

193 959 211 1012 ο
228 955 309 1018 11111
320 957 442 1032 ignique
454 955 644 1016 excursiones
658 955 742 1023 lacit,
759 954 863 1016 urbem
875 973 993 1033 quoque
1004 957 1085 1016 omui
1096 957 1183 1017 etiam

229 1045 349 1118 experte
377 1044 446 1100 ante
476 1039 644 1100 certaudms
670 1037 857 1100 multitudine
879 1039 1017 1116 opiticum
1040 1041 1076 1100 ad
1099 1058 1183 1118 spem

83 1191 90 1200 s
180 1127 212 1180 10
228 1123 357 1203 praedae
372 1130 490 1184 evocata
512 1119 649 1184 obsidere
664 1129 758 1201 parat.
787 1140 843 1183 nec
861 1121 919 1184 ulla
940 1125 1055 1200 species
1070 1122 1182 1184 clades-

116 1281 118 1288 ,
229 1225 287 1287 que
301 1205 373 1268 belli
387 1204 470 1267 abest
486 1206 564 1268 uelut
580 1212 715 1266 11111111
735 1206 849 1267 civitate
864 1205 947 1267 rabic
961 1207 1088 1268 duorum
1102 1209 1182 1268 iuve-

180 1297 210 1349 tl
228 1309 300 1352 num
312 1291 444 1352 funestas
459 1289 576 1369 nuptias
589 1309 625 1350 ex
637 1307 745 1351 occasu
757 1291 869 1366 patriae
878 1291 1048 1368 petentium.
1076 1307 1183 1368 parum

227 1377 305 1455 parti
319 1376 438 1452 utrique
453 1374 533 1434 domi
547 1390 697 1434 armorum
711 1372 840 1451 bellique
857 1381 902 1434 est
912 1375 1022 1434 risum:
1048 1382 1182 1453 optuma·

227 1466 272 1520 tes
289 1459 437 1518 Romanos
455 1458 492 1517 ad
505 1456 646 1527 auxilium
664 1456 913 1526 urblsobsessae,
934 1455 1019 1536 plebs
1036 1458 1073 1518 ad
1091 1475 1181 1535 erpu-

179 1544 211 1596 12
228 1541 375 1620 quandam
395 1559 496 1602 secum
519 1541 645 1600 Ardeam
666 1539 788 1601 Vulsoos
811 1542 953 1602 excivere.
983 1542 1098 1618 priores
1112 1541 1181 1601 Vul-

227 1625 272 1687 sci
294 1625 369 1686 duce
385 1626 487 1702 dequo
505 1623 609 1686 Cluilio
624 1625 750 1685 Ardeam
766 1641 888 1694 uenere,
910 1631 939 1686 11
954 1624 1110 1686 moenibus
1128 1625 1180 1684 bo·

179 1713 210 1766 13
227 1709 317 1771 stium
329 1707 435 1769 vallum
452 1707 599 1769 obiecere.
627 1709 707 1786 quod
730 1707 781 1768 ubi
794 1709 917 1768 Romam
940 1715 985 1769 est
1005 1710 1180 1778 nuntiatum,

228 1791 375 1871 extemplo
395 1793 432 1853 lli.
450 1793 597 1870 Geganius
613 1791 717 1853 consul
732 1810 800 1852 cum
816 1792 1112 1870 exercituprotcctus
1126 1794 1180 1851 tria

227 1875 308 1937 milia
323 1894 443 1956 passum
459 1875 495 1936 ab
510 1877 596 1937 hoste
617 1874 716 1935 locum
737 1877 841 1936 castris
857 1877 949 1954 cepit,
968 1877 1181 1954 praecipitique

227 1963 287 2022 iam
302 1960 350 2022 dic
367 1977 475 2021 curare
486 1975 612 2039 corpora
627 1958 734 2019 milltes
749 1958 840 2020 iubet.
872 1967 973 2036 quarta
990 1959 1097 2020 deinde
1109 1961 1181 2037 vigi·

226 2043 266 2105 lia
287 2046 371 2122 signa
396 2045 523 2122 profert,
548 2050 744 2122 coeptumque
768 2061 842 2120 opus
859 2043 933 2103 adeo
952 2043 1181 2120 adproperatum

228 2134 286 2198 est,
306 2135 340 2188 ut
353 2127 417 2189 sole
431 2136 497 2188 orto
513 2126 612 2187 Vulsci
627 2127 759 2186 firmiore
776 2145 808 2186 11
822 2129 1005 2188 munimento
1022 2125 1058 2186 ab
1073 2125 1180 2188 Roma·
1272 2133 1273 2140 ’

178 2215 210 2267 tr
226 2213 273 2273 uis
288 2210 522 2273 circumvallatos
534 2227 648 2288 quama
662 2228 694 2270 11
706 2208 810 2269 urbem
821 2210 961 2270 viderent.
990 2218 1019 2271 et
1029 2209 1084 2270 alia
1096 2221 1181 2289 parte
1272 2239 1273 2244 ¹

227 2293 330 2356 consul
347 2311 433 2354 muro
449 2293 562 2354 Ardeae
578 2290 733 2353 brachium
747 2293 930 2363 iniunxerat,
947 2311 1003 2372 qua
1020 2311 1056 2355 ex
1070 2295 1180 2372 oppido
1272 2335 1273 2342 a

227 2379 274 2439 sui
289 2395 457 2440 commeare
472 2385 601 2456 possent.

193 2469 207 2520 1
287 2460 322 2522 ll.
351 2461 476 2524 Vulscus
494 2463 671 2540 imperator,
697 2461 748 2538 qui
770 2460 893 2522 adeam
918 2461 996 2522 diem
1016 2479 1077 2522 non
1099 2480 1180 2524 oom-

224 2553 324 2607 meatu
338 2552 530 2625 praeparato,
552 2543 605 2606 sed
627 2563 662 2604 ex
683 2543 872 2621 populatione
888 2561 1028 2622 agrorum
1048 2552 1134 2622 rapto
1149 2546 1180 2604 in

225 2629 304 2692 (11111
318 2629 468 2692 frumento
490 2628 610 2690 aluisset
630 2625 769 2696 militem,
792 2636 947 2706 postquam
966 2637 1085 2706 saeptus
1104 2626 1180 2688 vallo

223 2721 347 2793 repente
362 2715 449 2792 inops
470 2713 600 2777 omnium
622 2729 723 2772 rerum
745 2719 822 2781 erat,
845 2712 882 2771 ad
899 2711 1089 2790 conloquium
1109 2729 1180 2772 con·

225 2795 290 2859 sule
305 2804 440 2866 evocato,
456 2797 481 2857 si
494 2795 651 2856 solvendae
667 2793 829 2856 obsidionis
845 2813 934 2856 causa
949 2797 1063 2856 venerit
1072 2795 1180 2856 Roma·

190 2883 208 2932 ²
225 2897 298 2950 nus,
314 2879 511 2940 abducturum
526 2898 559 2939 se
577 2879 647 2938 inde
662 2877 784 2938 Vulscos
798 2881 847 2938 111.
875 2879 1015 2940 adversus
1029 2898 1064 2940 oa
1075 2879 1178 2939 consul
1272 2933 1273 2936 ,

224 2964 309 3024 victis
322 2963 512 3024 condiciones
531 2961 719 3039 accipiendas
736 2980 801 3022 esse
820 2979 881 3022 non
901 2962 1039 3024 ferendas
1054 2979 1179 3040 respon·

225 3046 282 3118 dit,
295 3065 407 3126 neque,
422 3053 456 3106 ut
469 3047 604 3108 venerint
618 3045 655 3104 ad
667 3046 880 3123 oppugnandos
895 3047 992 3106 socios
1008 3044 1110 3124 populi
1120 3046 1179 3106 llo·

190 3135 207 3188 3
224 3133 305 3192 mani
322 3149 376 3193 suo
392 3129 531 3201 arbitrio,
547 3131 586 3190 ita
601 3128 734 3188 abituros
749 3128 872 3190 Vulscos
890 3147 965 3190 csso.
996 3129 1063 3190 dedi
1085 3133 1179 3206 impe·
1272 3161 1273 3170 1

223 3221 372 3288 ratorem,
393 3231 475 3275 arma
490 3215 561 3292 poni
576 3211 674 3279 iubet,
693 3213 818 3274 latentes
839 3213 932 3274 victos
949 3233 981 3274 11
1000 3231 1065 3274 1111
1081 3213 1179 3273 etim·
1272 3219 1273 3264 ὲ

223 3299 307 3376 perio
319 3315 440 3375 parere:
463 3297 547 3358 aliter
561 3305 621 3357 tam
642 3295 818 3358 abeuntibus
834 3315 922 3374 quam
944 3295 1131 3357 manentibus
1147 3315 1179 3355 11
1272 3307 1273 3362 5

223 3379 338 3441 bostem
353 3381 502 3442 infensum
513 3381 665 3441 victoriam
679 3381 776 3456 potius
793 3397 829 3441 ex
839 3379 953 3442 Volscis
969 3399 1057 3460 quam
1075 3397 1179 3458 pacem

189 3463 343 3527 tinddam
358 3465 481 3524 llomam
496 3463 666 3526 relaturum.
696 3463 795 3524 Vulsci
815 3465 950 3541 exiguam
973 3483 1056 3544 spem
1076 3465 1108 3523 in
1131 3479 1180 3522 ar·
1272 3497 1273 3502 κ
