<?xml version="1.0" encoding="UTF-8"?>
<!DOCTYPE html PUBLIC "-//W3C//DTD XHTML 1.0 Transitional//EN"
    "http://www.w3.org/TR/xhtml1/DTD/xhtml1-transitional.dtd">
<html xmlns="http://www.w3.org/1999/xhtml" xml:lang="en" lang="en">
 <head>
  <title>
</title>
<meta http-equiv="Content-Type" content="text/html;charset=utf-8" />
  <meta name='ocr-system' content='tesseract 3.04.00' />
  <meta name='ocr-capabilities' content='ocr_page ocr_carea ocr_par ocr_line ocrx_word'/>
</head>
<body>
  <div class='ocr_page' id='page_1' title='image "./aburbeconditali01rossgoog_0206.png"; bbox 0 0 2572 3956; ppageno 0'>
   <div class='ocr_carea' id='block_1_1' title="bbox 216 231 981 313">
    <p class='ocr_par' dir='ltr' id='par_1_1' title="bbox 216 231 981 313">
     <span class='ocr_line' id='line_1_1' title="bbox 216 231 981 313; baseline 0.005 -23"><span class='ocrx_word' id='word_1_1' title='bbox 216 239 257 302; x_wconf 68' lang='lat'><strong>60</strong></span> <span class='ocrx_word' id='word_1_2' title='bbox 409 251 504 292; x_wconf 77' lang='lat' dir='ltr'><strong>aaran</strong></span> <span class='ocrx_word' id='word_1_3' title='bbox 518 251 554 292; x_wconf 88' lang='lat' dir='ltr'><strong>n.</strong></span> <span class='ocrx_word' id='word_1_4' title='bbox 585 249 656 292; x_wconf 78' lang='lat' dir='ltr'><strong>car.</strong></span> <span class='ocrx_word' id='word_1_5' title='bbox 674 239 740 296; x_wconf 64' lang='lat' dir='ltr'><strong>sl.</strong></span> <span class='ocrx_word' id='word_1_6' title='bbox 773 234 814 313; x_wconf 80' lang='lat' dir='ltr'><strong>[a.</strong></span> <span class='ocrx_word' id='word_1_7' title='bbox 832 250 863 290; x_wconf 85' lang='lat' dir='ltr'><strong>a.</strong></span> <span class='ocrx_word' id='word_1_8' title='bbox 878 250 905 294; x_wconf 89' lang='lat' dir='ltr'><strong>c.</strong></span> <span class='ocrx_word' id='word_1_9' title='bbox 917 231 981 308; x_wconf 73' lang='lat'><strong>245]</strong></span> 
     </span>
    </p>
   </div>
   <div class='ocr_carea' id='block_1_2' title="bbox 182 397 1281 812">
    <p class='ocr_par' dir='ltr' id='par_1_2' title="bbox 182 397 1176 642">
     <span class='ocr_line' id='line_1_2' title="bbox 182 397 1176 480; baseline -0.007 -15"><span class='ocrx_word' id='word_1_10' title='bbox 182 417 199 465; x_wconf 83' lang='lat'>2</span> <span class='ocrx_word' id='word_1_11' title='bbox 216 418 310 480; x_wconf 90' lang='lat' dir='ltr'><strong>prope</strong></span> <span class='ocrx_word' id='word_1_12' title='bbox 328 397 450 461; x_wconf 86' lang='lat' dir='ltr'><strong>libertas</strong></span> <span class='ocrx_word' id='word_1_13' title='bbox 464 398 570 460; x_wconf 87' lang='lat' dir='ltr'><strong>amissa</strong></span> <span class='ocrx_word' id='word_1_14' title='bbox 586 406 637 461; x_wconf 89' lang='lat' dir='ltr'><strong>est.</strong></span> <span class='ocrx_word' id='word_1_15' title='bbox 654 405 739 460; x_wconf 89' lang='lat' dir='ltr'><strong>erant</strong></span> <span class='ocrx_word' id='word_1_16' title='bbox 749 400 781 458; x_wconf 89' lang='lat' dir='ltr'><strong>in</strong></span> <span class='ocrx_word' id='word_1_17' title='bbox 794 398 926 458; x_wconf 85' lang='lat' dir='ltr'><strong>Romana</strong></span> <span class='ocrx_word' id='word_1_18' title='bbox 941 399 1090 458; x_wconf 84' lang='lat' dir='ltr'><strong>inventute</strong></span> <span class='ocrx_word' id='word_1_19' title='bbox 1101 397 1176 458; x_wconf 86' lang='lat' dir='ltr'><strong>adu·</strong></span> 
     </span>
     <span class='ocr_line' id='line_1_3' title="bbox 217 479 1175 560; baseline -0.001 -17"><span class='ocrx_word' id='word_1_20' title='bbox 217 482 361 546; x_wconf 88' lang='lat' dir='ltr'><strong>lescentes</strong></span> <span class='ocrx_word' id='word_1_21' title='bbox 378 482 491 560; x_wconf 85' lang='lat' dir='ltr'>aliquot</span> <span class='ocrx_word' id='word_1_22' title='bbox 506 499 562 543; x_wconf 91' lang='lat' dir='ltr'><strong>nec</strong></span> <span class='ocrx_word' id='word_1_23' title='bbox 578 482 611 543; x_wconf 91' lang='lat' dir='ltr'><strong>hi</strong></span> <span class='ocrx_word' id='word_1_24' title='bbox 626 484 709 543; x_wconf 93' lang='lat' dir='ltr'><strong>tenui</strong></span> <span class='ocrx_word' id='word_1_25' title='bbox 723 479 790 542; x_wconf 93' lang='lat' dir='ltr'><strong>loco</strong></span> <span class='ocrx_word' id='word_1_26' title='bbox 809 481 877 550; x_wconf 85' lang='lat' dir='ltr'><strong>orti,</strong></span> <span class='ocrx_word' id='word_1_27' title='bbox 893 497 1020 556; x_wconf 87' lang='lat' dir='ltr'><strong>quornm</strong></span> <span class='ocrx_word' id='word_1_28' title='bbox 1035 482 1067 540; x_wconf 95' lang='lat' dir='ltr'><strong>in</strong></span> <span class='ocrx_word' id='word_1_29' title='bbox 1078 497 1175 558; x_wconf 82' lang='lat' dir='ltr'><strong>regno</strong></span> 
     </span>
     <span class='ocr_line' id='line_1_4' title="bbox 216 561 1174 642; baseline -0.003 -15"><span class='ocrx_word' id='word_1_30' title='bbox 216 565 308 627; x_wconf 88' lang='lat' dir='ltr'><strong>libido</strong></span> <span class='ocrx_word' id='word_1_31' title='bbox 325 565 451 627; x_wconf 86' lang='lat' dir='ltr'><strong>solutior</strong></span> <span class='ocrx_word' id='word_1_32' title='bbox 465 565 576 636; x_wconf 85' lang='lat' dir='ltr'><strong>iuerat,</strong></span> <span class='ocrx_word' id='word_1_33' title='bbox 593 563 731 642; x_wconf 88' lang='lat' dir='ltr'><strong>aequales</strong></span> <span class='ocrx_word' id='word_1_34' title='bbox 746 562 921 639; x_wconf 72' lang='lat' dir='ltr'><strong>sodalesque</strong></span> <span class='ocrx_word' id='word_1_35' title='bbox 940 561 1174 625; x_wconf 80' lang='lat' dir='ltr'><strong>adtdesoentium</strong></span> 
     </span>
    </p>

    <p class='ocr_par' dir='ltr' id='par_1_3' title="bbox 182 647 1281 812">
     <span class='ocr_line' id='line_1_5' title="bbox 182 647 1175 728; baseline 0.004 -23"><span class='ocrx_word' id='word_1_36' title='bbox 182 651 460 728; x_wconf 74' lang='lat' dir='ltr'><strong>a&#39;larquiniorum,</strong></span> <span class='ocrx_word' id='word_1_37' title='bbox 494 648 607 710; x_wconf 87' lang='lat' dir='ltr'><strong>adsueti</strong></span> <span class='ocrx_word' id='word_1_38' title='bbox 635 665 719 709; x_wconf 87' lang='lat' dir='ltr'><strong>more</strong></span> <span class='ocrx_word' id='word_1_39' title='bbox 749 648 833 726; x_wconf 73' lang='lat' dir='ltr'><strong>regio</strong></span> <span class='ocrx_word' id='word_1_40' title='bbox 862 647 971 708; x_wconf 82' lang='lat' dir='ltr'><strong>rivere.</strong></span> <span class='ocrx_word' id='word_1_41' title='bbox 1017 665 1082 709; x_wconf 88' lang='lat' dir='ltr'><strong>eam</strong></span> <span class='ocrx_word' id='word_1_42' title='bbox 1109 656 1175 709; x_wconf 77' lang='lat' dir='ltr'><strong>uim</strong></span> 
     </span>
     <span class='ocr_line' id='line_1_6' title="bbox 216 727 1281 812; baseline -0.001 -19"><span class='ocrx_word' id='word_1_43' title='bbox 216 740 340 812; x_wconf 88' lang='lat' dir='ltr'><strong>aequato</strong></span> <span class='ocrx_word' id='word_1_44' title='bbox 373 733 438 793; x_wconf 90' lang='lat' dir='ltr'><strong>iure</strong></span> <span class='ocrx_word' id='word_1_45' title='bbox 468 731 599 793; x_wconf 90' lang='lat' dir='ltr'><strong>omnium</strong></span> <span class='ocrx_word' id='word_1_46' title='bbox 630 731 779 792; x_wconf 81' lang='lat' dir='ltr'><strong>licentiam</strong></span> <span class='ocrx_word' id='word_1_47' title='bbox 805 737 981 810; x_wconf 76' lang='lat' dir='ltr'><strong>quaerentes</strong></span> <span class='ocrx_word' id='word_1_48' title='bbox 1006 727 1174 792; x_wconf 85' lang='lat' dir='ltr'><strong>libertatem</strong></span> <span class='ocrx_word' id='word_1_49' title='bbox 1280 743 1281 780; x_wconf 63' lang='lat'><em>³</em></span> 
     </span>
    </p>
   </div>
   <div class='ocr_carea' id='block_1_3' title="bbox 158 814 1173 3144">
    <p class='ocr_par' dir='ltr' id='par_1_4' title="bbox 215 814 1173 1144">
     <span class='ocr_line' id='line_1_7' title="bbox 216 814 1173 890; baseline 0 -14"><span class='ocrx_word' id='word_1_50' title='bbox 216 816 342 876; x_wconf 87' lang='lat' dir='ltr'><strong>aliorum</strong></span> <span class='ocrx_word' id='word_1_51' title='bbox 369 817 400 874; x_wconf 89' lang='lat' dir='ltr'><strong>in</strong></span> <span class='ocrx_word' id='word_1_52' title='bbox 425 833 508 876; x_wconf 84' lang='lat' dir='ltr'><strong>suam</strong></span> <span class='ocrx_word' id='word_1_53' title='bbox 533 817 655 877; x_wconf 82' lang='lat' dir='ltr'><strong>vertisse</strong></span> <span class='ocrx_word' id='word_1_54' title='bbox 682 815 853 876; x_wconf 85' lang='lat' dir='ltr'><strong>servitutem</strong></span> <span class='ocrx_word' id='word_1_55' title='bbox 878 814 956 874; x_wconf 89' lang='lat' dir='ltr'><strong>inter</strong></span> <span class='ocrx_word' id='word_1_56' title='bbox 984 831 1016 876; x_wconf 90' lang='lat' dir='ltr'><strong>sc</strong></span> <span class='ocrx_word' id='word_1_57' title='bbox 1040 830 1173 890; x_wconf 89' lang='lat' dir='ltr'><strong>conque·</strong></span> 
     </span>
     <span class='ocr_line' id='line_1_8' title="bbox 215 895 1172 976; baseline -0.002 -16"><span class='ocrx_word' id='word_1_58' title='bbox 215 899 373 961; x_wconf 83' lang='lat' dir='ltr'>rebantur:</span> <span class='ocrx_word' id='word_1_59' title='bbox 395 916 496 976; x_wconf 81' lang='lat' dir='ltr'><strong>regem</strong></span> <span class='ocrx_word' id='word_1_60' title='bbox 508 898 660 960; x_wconf 88' lang='lat' dir='ltr'><strong>hominem</strong></span> <span class='ocrx_word' id='word_1_61' title='bbox 676 916 757 968; x_wconf 90' lang='lat' dir='ltr'><strong>esse,</strong></span> <span class='ocrx_word' id='word_1_62' title='bbox 773 915 790 957; x_wconf 90' lang='lat' dir='ltr'><strong>a</strong></span> <span class='ocrx_word' id='word_1_63' title='bbox 806 913 864 974; x_wconf 90' lang='lat' dir='ltr'><strong>quo</strong></span> <span class='ocrx_word' id='word_1_64' title='bbox 878 899 1028 975; x_wconf 88' lang='lat' dir='ltr'><strong>inpetres,</strong></span> <span class='ocrx_word' id='word_1_65' title='bbox 1044 895 1097 957; x_wconf 93' lang='lat' dir='ltr'><strong>ubi</strong></span> <span class='ocrx_word' id='word_1_66' title='bbox 1115 898 1172 966; x_wconf 87' lang='lat' dir='ltr'><strong>ius,</strong></span> 
     </span>
     <span class='ocr_line' id='line_1_9' title="bbox 215 979 1172 1061; baseline -0.002 -19"><span class='ocrx_word' id='word_1_67' title='bbox 215 981 268 1042; x_wconf 92' lang='lat' dir='ltr'><strong>ubi</strong></span> <span class='ocrx_word' id='word_1_68' title='bbox 287 980 396 1042; x_wconf 76' lang='lat' dir='ltr'><strong>iniurid</strong></span> <span class='ocrx_word' id='word_1_69' title='bbox 417 999 492 1061; x_wconf 91' lang='lat' dir='ltr'><strong>opus</strong></span> <span class='ocrx_word' id='word_1_70' title='bbox 514 982 566 1051; x_wconf 72' lang='lat' dir='ltr'><strong>sit:</strong></span> <span class='ocrx_word' id='word_1_71' title='bbox 587 1000 652 1044; x_wconf 88' lang='lat' dir='ltr'><strong>esse</strong></span> <span class='ocrx_word' id='word_1_72' title='bbox 673 983 786 1060; x_wconf 81' lang='lat' dir='ltr'><strong>gratiae</strong></span> <span class='ocrx_word' id='word_1_73' title='bbox 807 980 915 1051; x_wconf 89' lang='lat' dir='ltr'><strong>locum,</strong></span> <span class='ocrx_word' id='word_1_74' title='bbox 931 999 995 1042; x_wconf 88' lang='lat' dir='ltr'><strong>esse</strong></span> <span class='ocrx_word' id='word_1_75' title='bbox 1010 979 1172 1042; x_wconf 88' lang='lat' dir='ltr'><strong>beneflcio·</strong></span> 
     </span>
     <span class='ocr_line' id='line_1_10' title="bbox 217 1065 1173 1144; baseline -0.003 -17"><span class='ocrx_word' id='word_1_76' title='bbox 217 1075 246 1127; x_wconf 89' lang='lat' dir='ltr'><strong>et</strong></span> <span class='ocrx_word' id='word_1_77' title='bbox 266 1065 354 1126; x_wconf 81' lang='lat' dir='ltr'><strong>irasci</strong></span> <span class='ocrx_word' id='word_1_78' title='bbox 375 1071 405 1126; x_wconf 87' lang='lat' dir='ltr'><strong>et</strong></span> <span class='ocrx_word' id='word_1_79' title='bbox 422 1066 577 1143; x_wconf 79' lang='lat' dir='ltr'><strong>ignoscere</strong></span> <span class='ocrx_word' id='word_1_80' title='bbox 597 1083 700 1144; x_wconf 89' lang='lat' dir='ltr'><strong>posse,</strong></span> <span class='ocrx_word' id='word_1_81' title='bbox 722 1065 800 1126; x_wconf 89' lang='lat' dir='ltr'><strong>inter</strong></span> <span class='ocrx_word' id='word_1_82' title='bbox 820 1065 946 1124; x_wconf 77' lang='lat' dir='ltr'><strong>enricum</strong></span> <span class='ocrx_word' id='word_1_83' title='bbox 966 1071 1054 1141; x_wconf 89' lang='lat' dir='ltr'><strong>atque</strong></span> <span class='ocrx_word' id='word_1_84' title='bbox 1073 1065 1173 1124; x_wconf 88' lang='lat' dir='ltr'><strong>inimi·</strong></span> 
     </span>
    </p>

    <p class='ocr_par' dir='ltr' id='par_1_5' title="bbox 182 1145 1172 1310">
     <span class='ocr_line' id='line_1_11' title="bbox 182 1145 1172 1226; baseline -0.003 -15"><span class='ocrx_word' id='word_1_85' title='bbox 182 1164 199 1211; x_wconf 82' lang='grc'><strong>4</strong></span> <span class='ocrx_word' id='word_1_86' title='bbox 217 1167 284 1210; x_wconf 89' lang='lat' dir='ltr'><strong>eum</strong></span> <span class='ocrx_word' id='word_1_87' title='bbox 306 1149 466 1210; x_wconf 86' lang='lat' dir='ltr'><strong>discrimen</strong></span> <span class='ocrx_word' id='word_1_88' title='bbox 484 1166 582 1212; x_wconf 91' lang='lat' dir='ltr'><strong>nosse.</strong></span> <span class='ocrx_word' id='word_1_89' title='bbox 611 1148 692 1226; x_wconf 83' lang='lat' dir='ltr'><strong>leges</strong></span> <span class='ocrx_word' id='word_1_90' title='bbox 714 1164 779 1210; x_wconf 89' lang='lat' dir='ltr'><strong>rem</strong></span> <span class='ocrx_word' id='word_1_91' title='bbox 799 1147 936 1216; x_wconf 86' lang='lat' dir='ltr'><strong>surdam,</strong></span> <span class='ocrx_word' id='word_1_92' title='bbox 957 1145 1172 1208; x_wconf 83' lang='lat' dir='ltr'><strong>inexorabilem</strong></span> 
     </span>
     <span class='ocr_line' id='line_1_12' title="bbox 217 1229 1172 1310; baseline -0.005 -15"><span class='ocrx_word' id='word_1_93' title='bbox 217 1253 290 1305; x_wconf 87' lang='lat' dir='ltr'><strong>esse,</strong></span> <span class='ocrx_word' id='word_1_94' title='bbox 306 1232 501 1294; x_wconf 83' lang='lat' dir='ltr'><strong>salubriorem</strong></span> <span class='ocrx_word' id='word_1_95' title='bbox 515 1231 728 1308; x_wconf 83' lang='lat' dir='ltr'><strong>melioremque</strong></span> <span class='ocrx_word' id='word_1_96' title='bbox 741 1231 826 1310; x_wconf 89' lang='lat' dir='ltr'><strong>inopi</strong></span> <span class='ocrx_word' id='word_1_97' title='bbox 841 1246 930 1309; x_wconf 89' lang='lat' dir='ltr'><strong>quam</strong></span> <span class='ocrx_word' id='word_1_98' title='bbox 943 1231 1071 1310; x_wconf 88' lang='lat' dir='ltr'><strong>potenti,</strong></span> <span class='ocrx_word' id='word_1_99' title='bbox 1096 1229 1172 1290; x_wconf 88' lang='lat' dir='ltr'><strong>nihil</strong></span> 
     </span>
    </p>

    <p class='ocr_par' dir='ltr' id='par_1_6' title="bbox 199 1313 1172 1461">
     <span class='ocr_line' id='line_1_13' title="bbox 199 1313 1172 1392; baseline -0.003 -15"><span class='ocrx_word' id='word_1_100' title='bbox 199 1313 373 1378; x_wconf 69' lang='lat' dir='ltr'><strong>‘laxamenti</strong></span> <span class='ocrx_word' id='word_1_101' title='bbox 387 1334 443 1378; x_wconf 93' lang='lat' dir='ltr'><strong>nec</strong></span> <span class='ocrx_word' id='word_1_102' title='bbox 457 1317 560 1378; x_wconf 78' lang='lat' dir='ltr'><strong>veniae</strong></span> <span class='ocrx_word' id='word_1_103' title='bbox 575 1315 697 1386; x_wconf 84' lang='lat' dir='ltr'><strong>habere,</strong></span> <span class='ocrx_word' id='word_1_104' title='bbox 713 1317 739 1376; x_wconf 92' lang='lat' dir='ltr'><strong>si</strong></span> <span class='ocrx_word' id='word_1_105' title='bbox 754 1314 874 1375; x_wconf 89' lang='lat' dir='ltr'><strong>modum</strong></span> <span class='ocrx_word' id='word_1_106' title='bbox 891 1315 1068 1384; x_wconf 65' lang='lat' dir='ltr'><strong>excesserim</strong></span> <span class='ocrx_word' id='word_1_107' title='bbox 1091 1313 1172 1392; x_wconf 89' lang='lat' dir='ltr'><strong>peri·</strong></span> 
     </span>
     <span class='ocr_line' id='line_1_14' title="bbox 216 1396 1171 1461; baseline -0.002 -1"><span class='ocrx_word' id='word_1_108' title='bbox 216 1399 349 1461; x_wconf 90' lang='lat' dir='ltr'><strong>culosum</strong></span> <span class='ocrx_word' id='word_1_109' title='bbox 367 1417 432 1461; x_wconf 88' lang='lat' dir='ltr'><strong>esse</strong></span> <span class='ocrx_word' id='word_1_110' title='bbox 448 1402 479 1461; x_wconf 90' lang='lat' dir='ltr'><strong>in</strong></span> <span class='ocrx_word' id='word_1_111' title='bbox 493 1407 537 1461; x_wconf 91' lang='lat' dir='ltr'><strong>tot</strong></span> <span class='ocrx_word' id='word_1_112' title='bbox 550 1399 688 1460; x_wconf 89' lang='lat' dir='ltr'><strong>humanis</strong></span> <span class='ocrx_word' id='word_1_113' title='bbox 699 1397 853 1460; x_wconf 89' lang='lat' dir='ltr'><strong>erroribus</strong></span> <span class='ocrx_word' id='word_1_114' title='bbox 871 1396 933 1458; x_wconf 89' lang='lat' dir='ltr'><strong>sola</strong></span> <span class='ocrx_word' id='word_1_115' title='bbox 944 1398 1114 1459; x_wconf 88' lang='lat' dir='ltr'><strong>innocentia</strong></span> <span class='ocrx_word' id='word_1_116' title='bbox 1129 1398 1171 1458; x_wconf 88' lang='lat' dir='ltr'><strong>vi·</strong></span> 
     </span>
    </p>

    <p class='ocr_par' dir='ltr' id='par_1_7' title="bbox 181 1478 1173 1810">
     <span class='ocr_line' id='line_1_15' title="bbox 181 1478 1173 1561; baseline -0.001 -18"><span class='ocrx_word' id='word_1_117' title='bbox 181 1503 197 1552; x_wconf 80' lang='lat'><strong>5</strong></span> <span class='ocrx_word' id='word_1_118' title='bbox 214 1501 293 1544; x_wconf 82' lang='lat' dir='ltr'><strong>vere.</strong></span> <span class='ocrx_word' id='word_1_119' title='bbox 323 1483 363 1542; x_wconf 91' lang='lat' dir='ltr'><strong>ita</strong></span> <span class='ocrx_word' id='word_1_120' title='bbox 386 1483 444 1542; x_wconf 89' lang='lat' dir='ltr'><strong>iam</strong></span> <span class='ocrx_word' id='word_1_121' title='bbox 455 1513 459 1520; x_wconf 95' lang='lat'><em>·</em></span> <span class='ocrx_word' id='word_1_122' title='bbox 469 1501 520 1543; x_wconf 90' lang='lat' dir='ltr'><strong>sua</strong></span> <span class='ocrx_word' id='word_1_123' title='bbox 537 1491 643 1561; x_wconf 90' lang='lat' dir='ltr'><strong>sponte</strong></span> <span class='ocrx_word' id='word_1_124' title='bbox 662 1483 759 1560; x_wconf 82' lang='lat' dir='ltr'><strong>aegris</strong></span> <span class='ocrx_word' id='word_1_125' title='bbox 772 1481 879 1542; x_wconf 88' lang='lat' dir='ltr'><strong>animis</strong></span> <span class='ocrx_word' id='word_1_126' title='bbox 895 1480 984 1558; x_wconf 76' lang='lat' dir='ltr'><strong>legati</strong></span> <span class='ocrx_word' id='word_1_127' title='bbox 998 1479 1035 1542; x_wconf 91' lang='lat' dir='ltr'><strong>ab</strong></span> <span class='ocrx_word' id='word_1_128' title='bbox 1048 1478 1173 1559; x_wconf 74' lang='lat' dir='ltr'><strong>regibus</strong></span> 
     </span>
     <span class='ocr_line' id='line_1_16' title="bbox 216 1563 1172 1644; baseline -0.001 -17"><span class='ocrx_word' id='word_1_129' title='bbox 216 1567 426 1644; x_wconf 86' lang='lat' dir='ltr'><strong>superveniunt</strong></span> <span class='ocrx_word' id='word_1_130' title='bbox 442 1567 506 1627; x_wconf 91' lang='lat' dir='ltr'><strong>sine</strong></span> <span class='ocrx_word' id='word_1_131' title='bbox 523 1567 674 1627; x_wconf 84' lang='lat' dir='ltr'><strong>mentione</strong></span> <span class='ocrx_word' id='word_1_132' title='bbox 686 1565 799 1626; x_wconf 88' lang='lat' dir='ltr'><strong>reditus</strong></span> <span class='ocrx_word' id='word_1_133' title='bbox 813 1563 892 1625; x_wconf 90' lang='lat' dir='ltr'><strong>bona</strong></span> <span class='ocrx_word' id='word_1_134' title='bbox 905 1571 1019 1626; x_wconf 84' lang='lat' dir='ltr'><strong>tantum</strong></span> <span class='ocrx_word' id='word_1_135' title='bbox 1033 1571 1172 1644; x_wconf 86' lang='lat' dir='ltr'><strong>repeten-</strong></span> 
     </span>
     <span class='ocr_line' id='line_1_17' title="bbox 214 1646 1171 1727; baseline -0.002 -18"><span class='ocrx_word' id='word_1_136' title='bbox 214 1658 268 1710; x_wconf 88' lang='lat' dir='ltr'><strong>tes.</strong></span> <span class='ocrx_word' id='word_1_137' title='bbox 292 1665 395 1709; x_wconf 88' lang='lat' dir='ltr'><strong>eorum</strong></span> <span class='ocrx_word' id='word_1_138' title='bbox 408 1647 498 1710; x_wconf 78' lang='lat' dir='ltr'><strong>verba</strong></span> <span class='ocrx_word' id='word_1_139' title='bbox 512 1656 668 1727; x_wconf 84' lang='lat' dir='ltr'><strong>postquam</strong></span> <span class='ocrx_word' id='word_1_140' title='bbox 682 1650 714 1709; x_wconf 93' lang='lat' dir='ltr'><strong>in</strong></span> <span class='ocrx_word' id='word_1_141' title='bbox 728 1655 832 1710; x_wconf 84' lang='lat' dir='ltr'><strong>senatu</strong></span> <span class='ocrx_word' id='word_1_142' title='bbox 846 1648 944 1709; x_wconf 85' lang='lat' dir='ltr'><strong>audita</strong></span> <span class='ocrx_word' id='word_1_143' title='bbox 958 1655 1034 1718; x_wconf 78' lang='lat' dir='ltr'><strong>sunt.</strong></span> <span class='ocrx_word' id='word_1_144' title='bbox 1050 1665 1106 1727; x_wconf 87' lang='lat' dir='ltr'><strong>per</strong></span> <span class='ocrx_word' id='word_1_145' title='bbox 1117 1646 1171 1709; x_wconf 88' lang='lat' dir='ltr'><strong>all·</strong></span> 
     </span>
     <span class='ocr_line' id='line_1_18' title="bbox 215 1730 1169 1810; baseline 0.001 -19"><span class='ocrx_word' id='word_1_146' title='bbox 215 1740 287 1810; x_wconf 88' lang='lat' dir='ltr'><strong>quot</strong></span> <span class='ocrx_word' id='word_1_147' title='bbox 301 1731 365 1792; x_wconf 88' lang='lat' dir='ltr'><strong>dies</strong></span> <span class='ocrx_word' id='word_1_148' title='bbox 382 1750 416 1792; x_wconf 88' lang='lat' dir='ltr'><strong>ea</strong></span> <span class='ocrx_word' id='word_1_149' title='bbox 433 1731 608 1793; x_wconf 89' lang='lat' dir='ltr'><strong>consultatio</strong></span> <span class='ocrx_word' id='word_1_150' title='bbox 619 1734 722 1801; x_wconf 89' lang='lat' dir='ltr'><strong>tenuit,</strong></span> <span class='ocrx_word' id='word_1_151' title='bbox 738 1749 779 1792; x_wconf 91' lang='lat' dir='ltr'><strong>ne</strong></span> <span class='ocrx_word' id='word_1_152' title='bbox 792 1748 853 1792; x_wconf 90' lang='lat' dir='ltr'><strong>non</strong></span> <span class='ocrx_word' id='word_1_153' title='bbox 863 1731 978 1793; x_wconf 82' lang='lat' dir='ltr'><strong>reddita</strong></span> <span class='ocrx_word' id='word_1_154' title='bbox 988 1730 1061 1794; x_wconf 89' lang='lat' dir='ltr'><strong>belli</strong></span> <span class='ocrx_word' id='word_1_155' title='bbox 1072 1749 1169 1802; x_wconf 84' lang='lat' dir='ltr'><strong>causa,</strong></span> 
     </span>
    </p>

    <p class='ocr_par' dir='ltr' id='par_1_8' title="bbox 179 1813 1171 2144">
     <span class='ocr_line' id='line_1_19' title="bbox 179 1813 1171 1893; baseline -0.007 -11"><span class='ocrx_word' id='word_1_156' title='bbox 179 1830 197 1882; x_wconf 80' lang='lat' dir='ltr'><strong>o</strong></span> <span class='ocrx_word' id='word_1_157' title='bbox 213 1815 327 1876; x_wconf 84' lang='lat' dir='ltr'><strong>reddita</strong></span> <span class='ocrx_word' id='word_1_158' title='bbox 344 1813 415 1876; x_wconf 90' lang='lat' dir='ltr'><strong>belli</strong></span> <span class='ocrx_word' id='word_1_159' title='bbox 430 1817 552 1878; x_wconf 86' lang='lat' dir='ltr'><strong>materia</strong></span> <span class='ocrx_word' id='word_1_160' title='bbox 568 1816 811 1877; x_wconf 72' lang='lat' dir='ltr'><strong>eradicamentum</strong></span> <span class='ocrx_word' id='word_1_161' title='bbox 823 1823 930 1878; x_wconf 82' lang='lat' dir='ltr'><strong>essent</strong></span> <span class='ocrx_word' id='word_1_162' title='bbox 951 1816 1071 1877; x_wconf 85' lang='lat' dir='ltr'><strong>interim</strong></span> <span class='ocrx_word' id='word_1_163' title='bbox 1081 1813 1171 1893; x_wconf 79' lang='lat' dir='ltr'><strong>legati</strong></span> 
     </span>
     <span class='ocr_line' id='line_1_20' title="bbox 216 1895 1170 1980; baseline 0 -22"><span class='ocrx_word' id='word_1_164' title='bbox 216 1895 294 1980; x_wconf 88' lang='lat' dir='ltr'><strong>[alii]</strong></span> <span class='ocrx_word' id='word_1_165' title='bbox 311 1895 368 1958; x_wconf 84' lang='lat' dir='ltr'><strong>alta</strong></span> <span class='ocrx_word' id='word_1_166' title='bbox 378 1898 486 1970; x_wconf 86' lang='lat' dir='ltr'><strong>moliri,</strong></span> <span class='ocrx_word' id='word_1_167' title='bbox 503 1907 604 1979; x_wconf 90' lang='lat' dir='ltr'><strong>aperte</strong></span> <span class='ocrx_word' id='word_1_168' title='bbox 615 1897 694 1960; x_wconf 86' lang='lat' dir='ltr'><strong>bona</strong></span> <span class='ocrx_word' id='word_1_169' title='bbox 704 1904 873 1977; x_wconf 88' lang='lat' dir='ltr'><strong>repetentes</strong></span> <span class='ocrx_word' id='word_1_170' title='bbox 885 1896 961 1960; x_wconf 90' lang='lat' dir='ltr'><strong>clam</strong></span> <span class='ocrx_word' id='word_1_171' title='bbox 972 1898 1170 1978; x_wconf 84' lang='lat' dir='ltr'><strong>recuperandi</strong></span> 
     </span>
     <span class='ocr_line' id='line_1_21' title="bbox 213 1981 1169 2060; baseline 0.002 -18"><span class='ocrx_word' id='word_1_172' title='bbox 213 1983 299 2059; x_wconf 84' lang='lat' dir='ltr'><strong>regni</strong></span> <span class='ocrx_word' id='word_1_173' title='bbox 318 1981 440 2042; x_wconf 91' lang='lat' dir='ltr'><strong>consilia</strong></span> <span class='ocrx_word' id='word_1_174' title='bbox 454 1991 584 2051; x_wconf 88' lang='lat' dir='ltr'><strong>struere;</strong></span> <span class='ocrx_word' id='word_1_175' title='bbox 606 1991 635 2044; x_wconf 90' lang='lat' dir='ltr'><strong>et</strong></span> <span class='ocrx_word' id='word_1_176' title='bbox 648 1991 798 2059; x_wconf 76' lang='lat' dir='ltr'><strong>tamquuam</strong></span> <span class='ocrx_word' id='word_1_177' title='bbox 812 1981 849 2043; x_wconf 89' lang='lat' dir='ltr'><strong>ad</strong></span> <span class='ocrx_word' id='word_1_178' title='bbox 863 1981 909 2052; x_wconf 89' lang='lat' dir='ltr'><strong>id,</strong></span> <span class='ocrx_word' id='word_1_179' title='bbox 934 1983 1013 2060; x_wconf 93' lang='lat' dir='ltr'><strong>quod</strong></span> <span class='ocrx_word' id='word_1_180' title='bbox 1028 1983 1076 2060; x_wconf 82' lang='lat' dir='ltr'><strong>agi</strong></span> <span class='ocrx_word' id='word_1_181' title='bbox 1088 1982 1169 2044; x_wconf 85' lang='lat' dir='ltr'><strong>vide·</strong></span> 
     </span>
     <span class='ocr_line' id='line_1_22' title="bbox 213 2063 1168 2144; baseline 0.002 -20"><span class='ocrx_word' id='word_1_182' title='bbox 213 2063 310 2135; x_wconf 90' lang='lat' dir='ltr'><strong>batur,</strong></span> <span class='ocrx_word' id='word_1_183' title='bbox 325 2063 488 2128; x_wconf 87' lang='lat' dir='ltr'><strong>ambientes</strong></span> <span class='ocrx_word' id='word_1_184' title='bbox 501 2065 646 2127; x_wconf 90' lang='lat' dir='ltr'><strong>nobilium</strong></span> <span class='ocrx_word' id='word_1_185' title='bbox 662 2063 895 2128; x_wconf 87' lang='lat' dir='ltr'><strong>adulescentium</strong></span> <span class='ocrx_word' id='word_1_186' title='bbox 911 2067 1026 2127; x_wconf 76' lang='lat' dir='ltr'><strong>animm</strong></span> <span class='ocrx_word' id='word_1_187' title='bbox 1039 2075 1168 2144; x_wconf 88' lang='lat' dir='ltr'><strong>pertem-</strong></span> 
     </span>
    </p>

    <p class='ocr_par' dir='ltr' id='par_1_9' title="bbox 179 2147 1167 2392">
     <span class='ocr_line' id='line_1_23' title="bbox 179 2147 1167 2228; baseline 0 -18"><span class='ocrx_word' id='word_1_188' title='bbox 179 2163 194 2210; x_wconf 66' lang='grc' dir='ltr'><em>π</em></span> <span class='ocrx_word' id='word_1_189' title='bbox 213 2155 303 2226; x_wconf 87' lang='lat' dir='ltr'><strong>ptant.</strong></span> <span class='ocrx_word' id='word_1_190' title='bbox 335 2165 351 2208; x_wconf 90' lang='lat' dir='ltr'><strong>a</strong></span> <span class='ocrx_word' id='word_1_191' title='bbox 375 2147 483 2226; x_wconf 86' lang='lat' dir='ltr'><strong>quibus</strong></span> <span class='ocrx_word' id='word_1_192' title='bbox 501 2148 616 2228; x_wconf 88' lang='lat' dir='ltr'><strong>placide</strong></span> <span class='ocrx_word' id='word_1_193' title='bbox 633 2149 727 2209; x_wconf 87' lang='lat' dir='ltr'><strong>oratio</strong></span> <span class='ocrx_word' id='word_1_194' title='bbox 742 2155 863 2226; x_wconf 87' lang='lat' dir='ltr'><strong>accepta</strong></span> <span class='ocrx_word' id='word_1_195' title='bbox 879 2156 937 2218; x_wconf 87' lang='lat' dir='ltr'><strong>est,</strong></span> <span class='ocrx_word' id='word_1_196' title='bbox 949 2149 986 2210; x_wconf 86' lang='lat' dir='ltr'><strong>iis</strong></span> <span class='ocrx_word' id='word_1_197' title='bbox 1002 2147 1115 2211; x_wconf 88' lang='lat' dir='ltr'><strong>litteras</strong></span> <span class='ocrx_word' id='word_1_198' title='bbox 1130 2147 1167 2210; x_wconf 91' lang='lat' dir='ltr'><strong>ab</strong></span> 
     </span>
     <span class='ocr_line' id='line_1_24' title="bbox 212 2231 1167 2311; baseline 0.003 -20"><span class='ocrx_word' id='word_1_199' title='bbox 212 2231 381 2308; x_wconf 76' lang='lat' dir='ltr'><strong>Tarquiniis</strong></span> <span class='ocrx_word' id='word_1_200' title='bbox 390 2231 526 2302; x_wconf 83' lang='lat' dir='ltr'><strong>reddunt.</strong></span> <span class='ocrx_word' id='word_1_201' title='bbox 543 2239 572 2293; x_wconf 87' lang='lat' dir='ltr'><strong>et</strong></span> <span class='ocrx_word' id='word_1_202' title='bbox 588 2231 625 2292; x_wconf 90' lang='lat' dir='ltr'><strong>de</strong></span> <span class='ocrx_word' id='word_1_203' title='bbox 636 2232 816 2311; x_wconf 86' lang='lat' dir='ltr'><strong>accipiendis</strong></span> <span class='ocrx_word' id='word_1_204' title='bbox 831 2231 908 2292; x_wconf 89' lang='lat' dir='ltr'><strong>elam</strong></span> <span class='ocrx_word' id='word_1_205' title='bbox 921 2238 1009 2295; x_wconf 86' lang='lat' dir='ltr'><strong>nnete</strong></span> <span class='ocrx_word' id='word_1_206' title='bbox 1020 2233 1051 2293; x_wconf 89' lang='lat' dir='ltr'><strong>ln</strong></span> <span class='ocrx_word' id='word_1_207' title='bbox 1062 2231 1167 2294; x_wconf 85' lang='lat' dir='ltr'><strong>urbem</strong></span> 
     </span>
     <span class='ocr_line' id='line_1_25' title="bbox 212 2312 576 2392; baseline 0.005 -18"><span class='ocrx_word' id='word_1_208' title='bbox 212 2312 333 2390; x_wconf 84' lang='lat' dir='ltr'><strong>regibus</strong></span> <span class='ocrx_word' id='word_1_209' title='bbox 349 2313 576 2392; x_wconf 87' lang='lat' dir='ltr'><strong>conloquuntur.</strong></span> 
     </span>
    </p>

    <p class='ocr_par' dir='ltr' id='par_1_10' title="bbox 181 2396 1166 2641">
     <span class='ocr_line' id='line_1_26' title="bbox 181 2396 1166 2477; baseline 0.005 -22"><span class='ocrx_word' id='word_1_210' title='bbox 181 2405 193 2455; x_wconf 94' lang='lat'>1</span> <span class='ocrx_word' id='word_1_211' title='bbox 275 2396 321 2460; x_wconf 86' lang='lat' dir='ltr'><strong>iv.</strong></span> <span class='ocrx_word' id='word_1_212' title='bbox 364 2396 486 2459; x_wconf 82' lang='lat' dir='ltr'><strong>Vitelliis</strong></span> <span class='ocrx_word' id='word_1_213' title='bbox 510 2397 693 2476; x_wconf 78' lang='lat' dir='ltr'><strong>Aquiliisque</strong></span> <span class='ocrx_word' id='word_1_214' title='bbox 717 2397 859 2460; x_wconf 74' lang='lat' dir='ltr'><strong>iratribus</strong></span> <span class='ocrx_word' id='word_1_215' title='bbox 886 2400 984 2477; x_wconf 84' lang='lat' dir='ltr'><strong>primo</strong></span> <span class='ocrx_word' id='word_1_216' title='bbox 1011 2401 1166 2460; x_wconf 86' lang='lat' dir='ltr'><strong>commissa</strong></span> 
     </span>
     <span class='ocr_line' id='line_1_27' title="bbox 211 2480 1165 2560; baseline 0 -19"><span class='ocrx_word' id='word_1_217' title='bbox 211 2496 261 2543; x_wconf 89' lang='lat' dir='ltr'><strong>res</strong></span> <span class='ocrx_word' id='word_1_218' title='bbox 276 2487 329 2543; x_wconf 89' lang='lat' dir='ltr'><strong>est</strong></span> <span class='ocrx_word' id='word_1_219' title='bbox 358 2480 541 2544; x_wconf 73' lang='lat' dir='ltr'><strong>Vitelliorum</strong></span> <span class='ocrx_word' id='word_1_220' title='bbox 557 2496 643 2542; x_wconf 88' lang='lat' dir='ltr'><strong>soror</strong></span> <span class='ocrx_word' id='word_1_221' title='bbox 660 2480 774 2543; x_wconf 88' lang='lat' dir='ltr'><strong>consuli</strong></span> <span class='ocrx_word' id='word_1_222' title='bbox 788 2487 879 2560; x_wconf 73' lang='lat' dir='ltr'><strong>nupta</strong></span> <span class='ocrx_word' id='word_1_223' title='bbox 893 2481 986 2542; x_wconf 89' lang='lat' dir='ltr'><strong>Bruto</strong></span> <span class='ocrx_word' id='word_1_224' title='bbox 1003 2491 1073 2552; x_wconf 89' lang='lat' dir='ltr'><strong>erat,</strong></span> <span class='ocrx_word' id='word_1_225' title='bbox 1092 2483 1165 2542; x_wconf 87' lang='lat' dir='ltr'><strong>iam-</strong></span> 
     </span>
     <span class='ocr_line' id='line_1_28' title="bbox 211 2563 1164 2641; baseline 0.002 -17"><span class='ocrx_word' id='word_1_226' title='bbox 211 2581 270 2641; x_wconf 90' lang='lat' dir='ltr'><strong>que</strong></span> <span class='ocrx_word' id='word_1_227' title='bbox 285 2583 321 2627; x_wconf 88' lang='lat' dir='ltr'><strong>ex</strong></span> <span class='ocrx_word' id='word_1_228' title='bbox 336 2583 371 2628; x_wconf 89' lang='lat' dir='ltr'><strong>eo</strong></span> <span class='ocrx_word' id='word_1_229' title='bbox 385 2567 573 2626; x_wconf 87' lang='lat' dir='ltr'><strong>matrimonio</strong></span> <span class='ocrx_word' id='word_1_230' title='bbox 588 2563 789 2626; x_wconf 85' lang='lat' dir='ltr'><strong>adulescentes</strong></span> <span class='ocrx_word' id='word_1_231' title='bbox 804 2571 889 2626; x_wconf 86' lang='lat' dir='ltr'><strong>erant</strong></span> <span class='ocrx_word' id='word_1_232' title='bbox 904 2563 1003 2636; x_wconf 88' lang='lat' dir='ltr'><strong>liberi,</strong></span> <span class='ocrx_word' id='word_1_233' title='bbox 1018 2565 1101 2626; x_wconf 83' lang='lat' dir='ltr'><strong>&#39;litus</strong></span> <span class='ocrx_word' id='word_1_234' title='bbox 1115 2565 1164 2626; x_wconf 71' lang='lat' dir='ltr'><strong>&#39;lo</strong></span> 
     </span>
    </p>

    <p class='ocr_par' dir='ltr' id='par_1_11' title="bbox 158 2646 1164 2809">
     <span class='ocr_line' id='line_1_29' title="bbox 158 2646 1164 2726; baseline 0 -16"><span class='ocrx_word' id='word_1_235' title='bbox 158 2689 161 2695; x_wconf 89' lang='lat'>-</span> <span class='ocrx_word' id='word_1_236' title='bbox 177 2660 194 2710; x_wconf 84' lang='lat'>2</span> <span class='ocrx_word' id='word_1_237' title='bbox 211 2646 380 2726; x_wconf 88' lang='lat' dir='ltr'><strong>berlusque.</strong></span> <span class='ocrx_word' id='word_1_238' title='bbox 409 2667 460 2710; x_wconf 92' lang='lat' dir='ltr'><strong>eos</strong></span> <span class='ocrx_word' id='word_1_239' title='bbox 474 2663 592 2726; x_wconf 88' lang='lat' dir='ltr'><strong>quoque</strong></span> <span class='ocrx_word' id='word_1_240' title='bbox 607 2649 822 2710; x_wconf 82' lang='lat' dir='ltr'><strong>insacietatem</strong></span> <span class='ocrx_word' id='word_1_241' title='bbox 837 2647 952 2709; x_wconf 89' lang='lat' dir='ltr'><strong>consilii</strong></span> <span class='ocrx_word' id='word_1_242' title='bbox 967 2646 1103 2710; x_wconf 82' lang='lat' dir='ltr'><strong>avunculi</strong></span> <span class='ocrx_word' id='word_1_243' title='bbox 1114 2649 1164 2710; x_wconf 79' lang='lat' dir='ltr'><strong>ad·</strong></span> 
     </span>
     <span class='ocr_line' id='line_1_30' title="bbox 211 2729 1163 2809; baseline 0.001 -18"><span class='ocrx_word' id='word_1_244' title='bbox 211 2738 338 2792; x_wconf 90' lang='lat' dir='ltr'><strong>sumunt</strong></span> <span class='ocrx_word' id='word_1_245' title='bbox 376 2737 530 2809; x_wconf 84' lang='lat' dir='ltr'><strong>praetereo</strong></span> <span class='ocrx_word' id='word_1_246' title='bbox 554 2730 665 2808; x_wconf 89' lang='lat' dir='ltr'><strong>aliquot</strong></span> <span class='ocrx_word' id='word_1_247' title='bbox 687 2729 804 2793; x_wconf 87' lang='lat' dir='ltr'><strong>nobiles</strong></span> <span class='ocrx_word' id='word_1_248' title='bbox 828 2730 1030 2794; x_wconf 87' lang='lat' dir='ltr'><strong>adulescentes</strong></span> <span class='ocrx_word' id='word_1_249' title='bbox 1053 2733 1163 2792; x_wconf 88' lang='lat' dir='ltr'><strong>conscii</strong></span> 
     </span>
    </p>

    <p class='ocr_par' dir='ltr' id='par_1_12' title="bbox 178 2813 1164 3144">
     <span class='ocr_line' id='line_1_31' title="bbox 178 2813 1164 2892; baseline -0.002 -15"><span class='ocrx_word' id='word_1_250' title='bbox 178 2825 194 2877; x_wconf 83' lang='grc'>3</span> <span class='ocrx_word' id='word_1_251' title='bbox 212 2813 373 2892; x_wconf 86' lang='lat' dir='ltr'><strong>adsumpti,</strong></span> <span class='ocrx_word' id='word_1_252' title='bbox 390 2830 516 2890; x_wconf 89' lang='lat' dir='ltr'><strong>quorum</strong></span> <span class='ocrx_word' id='word_1_253' title='bbox 532 2820 674 2876; x_wconf 85' lang='lat' dir='ltr'><strong>vetustate</strong></span> <span class='ocrx_word' id='word_1_254' title='bbox 688 2815 832 2876; x_wconf 88' lang='lat' dir='ltr'><strong>memoria</strong></span> <span class='ocrx_word' id='word_1_255' title='bbox 846 2813 927 2876; x_wconf 85' lang='lat' dir='ltr'><strong>abiit</strong></span> <span class='ocrx_word' id='word_1_256' title='bbox 957 2815 1076 2876; x_wconf 88' lang='lat' dir='ltr'><strong>interim</strong></span> <span class='ocrx_word' id='word_1_257' title='bbox 1096 2829 1164 2875; x_wconf 80' lang='lat' dir='ltr'><strong>cunr</strong></span> 
     </span>
     <span class='ocr_line' id='line_1_32' title="bbox 209 2896 1162 2975; baseline 0.006 -21"><span class='ocrx_word' id='word_1_258' title='bbox 209 2897 241 2954; x_wconf 88' lang='lat' dir='ltr'><strong>io</strong></span> <span class='ocrx_word' id='word_1_259' title='bbox 256 2902 359 2957; x_wconf 90' lang='lat' dir='ltr'><strong>senatu</strong></span> <span class='ocrx_word' id='word_1_260' title='bbox 373 2897 490 2958; x_wconf 81' lang='lat' dir='ltr'><strong>vicisset</strong></span> <span class='ocrx_word' id='word_1_261' title='bbox 506 2898 660 2968; x_wconf 86' lang='lat' dir='ltr'><strong>sententia,</strong></span> <span class='ocrx_word' id='word_1_262' title='bbox 678 2914 753 2975; x_wconf 87' lang='lat' dir='ltr'><strong>quae</strong></span> <span class='ocrx_word' id='word_1_263' title='bbox 763 2897 904 2960; x_wconf 88' lang='lat' dir='ltr'><strong>censebat</strong></span> <span class='ocrx_word' id='word_1_264' title='bbox 910 2897 1062 2960; x_wconf 85' lang='lat' dir='ltr'><strong>reddenda</strong></span> <span class='ocrx_word' id='word_1_265' title='bbox 1072 2896 1162 2969; x_wconf 87' lang='lat' dir='ltr'><strong>bona,</strong></span> 
     </span>
     <span class='ocr_line' id='line_1_33' title="bbox 211 2980 1163 3060; baseline 0.002 -20"><span class='ocrx_word' id='word_1_266' title='bbox 211 2995 335 3056; x_wconf 89' lang='lat' dir='ltr'><strong>eamque</strong></span> <span class='ocrx_word' id='word_1_267' title='bbox 346 2981 440 3058; x_wconf 90' lang='lat' dir='ltr'><strong>ipsam</strong></span> <span class='ocrx_word' id='word_1_268' title='bbox 450 2993 568 3041; x_wconf 88' lang='lat' dir='ltr'><strong>causam</strong></span> <span class='ocrx_word' id='word_1_269' title='bbox 578 2997 680 3042; x_wconf 88' lang='lat' dir='ltr'><strong>morae</strong></span> <span class='ocrx_word' id='word_1_270' title='bbox 689 2981 721 3040; x_wconf 91' lang='lat' dir='ltr'><strong>in</strong></span> <span class='ocrx_word' id='word_1_271' title='bbox 732 2980 807 3043; x_wconf 91' lang='lat' dir='ltr'><strong>urbe</strong></span> <span class='ocrx_word' id='word_1_272' title='bbox 817 2981 962 3044; x_wconf 86' lang='lat' dir='ltr'><strong>haberent</strong></span> <span class='ocrx_word' id='word_1_273' title='bbox 971 2980 1071 3059; x_wconf 81' lang='lat' dir='ltr'><strong>legati,</strong></span> <span class='ocrx_word' id='word_1_274' title='bbox 1085 2981 1163 3060; x_wconf 90' lang='lat' dir='ltr'><strong>quod</strong></span> 
     </span>
     <span class='ocr_line' id='line_1_34' title="bbox 210 3062 1163 3144; baseline 0.003 -21"><span class='ocrx_word' id='word_1_275' title='bbox 210 3063 337 3142; x_wconf 87' lang='lat' dir='ltr'><strong>spatium</strong></span> <span class='ocrx_word' id='word_1_276' title='bbox 360 3063 398 3123; x_wconf 88' lang='lat' dir='ltr'><strong>ad</strong></span> <span class='ocrx_word' id='word_1_277' title='bbox 416 3062 548 3124; x_wconf 82' lang='lat' dir='ltr'><strong>vehicula</strong></span> <span class='ocrx_word' id='word_1_278' title='bbox 577 3064 765 3144; x_wconf 86' lang='lat' dir='ltr'><strong>conparanda</strong></span> <span class='ocrx_word' id='word_1_279' title='bbox 788 3083 803 3126; x_wconf 88' lang='lat' dir='ltr'><strong>a</strong></span> <span class='ocrx_word' id='word_1_280' title='bbox 824 3063 996 3127; x_wconf 90' lang='lat' dir='ltr'><strong>consulibus</strong></span> <span class='ocrx_word' id='word_1_281' title='bbox 1022 3067 1163 3144; x_wconf 86' lang='lat' dir='ltr'><strong>sumpsis-</strong></span> 
     </span>
    </p>
   </div>
   <div class='ocr_carea' id='block_1_4' title="bbox 209 3145 1278 3243">
    <p class='ocr_par' dir='ltr' id='par_1_13' title="bbox 209 3145 1278 3243">
     <span class='ocr_line' id='line_1_35' title="bbox 209 3145 1278 3243; baseline 0.002 -37"><span class='ocrx_word' id='word_1_282' title='bbox 209 3153 283 3216; x_wconf 82' lang='lat' dir='ltr'><strong>sent,</strong></span> <span class='ocrx_word' id='word_1_283' title='bbox 300 3145 407 3225; x_wconf 88' lang='lat' dir='ltr'><strong>quibus</strong></span> <span class='ocrx_word' id='word_1_284' title='bbox 419 3163 524 3224; x_wconf 81' lang='lat' dir='ltr'><strong>regum</strong></span> <span class='ocrx_word' id='word_1_285' title='bbox 538 3155 725 3226; x_wconf 80' lang='lat' dir='ltr'><strong>asportarent</strong></span> <span class='ocrx_word' id='word_1_286' title='bbox 737 3165 803 3219; x_wconf 88' lang='lat' dir='ltr'><strong>res,</strong></span> <span class='ocrx_word' id='word_1_287' title='bbox 821 3165 909 3210; x_wconf 89' lang='lat' dir='ltr'><strong>omne</strong></span> <span class='ocrx_word' id='word_1_288' title='bbox 923 3149 954 3210; x_wconf 91' lang='lat' dir='ltr'><strong>id</strong></span> <span class='ocrx_word' id='word_1_289' title='bbox 968 3156 1085 3227; x_wconf 84' lang='lat' dir='ltr'><strong>tempus</strong></span> <span class='ocrx_word' id='word_1_290' title='bbox 1094 3163 1161 3210; x_wconf 83' lang='lat' dir='ltr'><strong>cum</strong></span> <span class='ocrx_word' id='word_1_291' title='bbox 1277 3173 1278 3243; x_wconf 7' lang='grc' dir='ltr'>ἐ</span> 
     </span>
    </p>
   </div>
   <div class='ocr_carea' id='block_1_5' title="bbox 209 3229 1159 3309">
    <p class='ocr_par' dir='ltr' id='par_1_14' title="bbox 209 3229 1159 3309">
     <span class='ocr_line' id='line_1_36' title="bbox 209 3229 1159 3309; baseline 0.014 -21"><span class='ocrx_word' id='word_1_292' title='bbox 209 3231 369 3292; x_wconf 87' lang='lat' dir='ltr'><strong>coniuratis</strong></span> <span class='ocrx_word' id='word_1_293' title='bbox 390 3229 582 3292; x_wconf 87' lang='lat' dir='ltr'><strong>consultando</strong></span> <span class='ocrx_word' id='word_1_294' title='bbox 604 3230 776 3302; x_wconf 87' lang='lat' dir='ltr'><strong>absumunt,</strong></span> <span class='ocrx_word' id='word_1_295' title='bbox 804 3233 1000 3309; x_wconf 85' lang='lat' dir='ltr'><strong>evincuntque</strong></span> <span class='ocrx_word' id='word_1_296' title='bbox 1015 3230 1159 3300; x_wconf 82' lang='lat' dir='ltr'><strong>lnstnndo.</strong></span> 
     </span>
    </p>
   </div>
   <div class='ocr_carea' id='block_1_6' title="bbox 167 3309 1278 3478">
    <p class='ocr_par' dir='ltr' id='par_1_15' title="bbox 167 3309 1278 3478">
     <span class='ocr_line' id='line_1_37' title="bbox 167 3309 1275 3392; baseline 0.005 -24"><span class='ocrx_word' id='word_1_297' title='bbox 167 3320 191 3368; x_wconf 66' lang='lat' dir='ltr'><strong>n</strong></span> <span class='ocrx_word' id='word_1_298' title='bbox 208 3318 240 3371; x_wconf 87' lang='lat' dir='ltr'><strong>ut</strong></span> <span class='ocrx_word' id='word_1_299' title='bbox 252 3309 369 3374; x_wconf 87' lang='lat' dir='ltr'><strong>litterae</strong></span> <span class='ocrx_word' id='word_1_300' title='bbox 382 3310 439 3374; x_wconf 88' lang='lat' dir='ltr'><strong>sibi</strong></span> <span class='ocrx_word' id='word_1_301' title='bbox 452 3312 489 3374; x_wconf 91' lang='lat' dir='ltr'><strong>ad</strong></span> <span class='ocrx_word' id='word_1_302' title='bbox 499 3314 677 3391; x_wconf 75' lang='lat' dir='ltr'><strong>Tarqtalrrios</strong></span> <span class='ocrx_word' id='word_1_303' title='bbox 687 3313 841 3376; x_wconf 88' lang='lat' dir='ltr'><strong>darentur:</strong></span> <span class='ocrx_word' id='word_1_304' title='bbox 854 3333 924 3377; x_wconf 74' lang='lat' dir='ltr'><strong>nam</strong></span> <span class='ocrx_word' id='word_1_305' title='bbox 935 3314 1022 3376; x_wconf 86' lang='lat' dir='ltr'><strong>aliter</strong></span> <span class='ocrx_word' id='word_1_306' title='bbox 1032 3316 1085 3392; x_wconf 87' lang='lat' dir='ltr'><strong>qul</strong></span> <span class='ocrx_word' id='word_1_307' title='bbox 1095 3331 1161 3375; x_wconf 86' lang='lat' dir='ltr'><strong>cre·</strong></span> <span class='ocrx_word' id='word_1_308' title='bbox 1273 3322 1275 3331; x_wconf 89' lang='lat'>&#39;</span> 
     </span>
     <span class='ocr_line' id='line_1_38' title="bbox 208 3387 1278 3478; baseline 0.002 -24"><span class='ocrx_word' id='word_1_309' title='bbox 208 3394 320 3456; x_wconf 91' lang='lat' dir='ltr'><strong>dituros</strong></span> <span class='ocrx_word' id='word_1_310' title='bbox 342 3411 408 3465; x_wconf 89' lang='lat' dir='ltr'><strong>ens,</strong></span> <span class='ocrx_word' id='word_1_311' title='bbox 429 3411 490 3456; x_wconf 90' lang='lat' dir='ltr'><strong>non</strong></span> <span class='ocrx_word' id='word_1_312' title='bbox 510 3411 582 3457; x_wconf 87' lang='lat' dir='ltr'><strong>vana</strong></span> <span class='ocrx_word' id='word_1_313' title='bbox 605 3396 641 3458; x_wconf 90' lang='lat' dir='ltr'><strong>ab</strong></span> <span class='ocrx_word' id='word_1_314' title='bbox 666 3395 769 3474; x_wconf 80' lang='lat' dir='ltr'><strong>legatis</strong></span> <span class='ocrx_word' id='word_1_315' title='bbox 790 3417 880 3478; x_wconf 87' lang='lat' dir='ltr'><strong>super</strong></span> <span class='ocrx_word' id='word_1_316' title='bbox 900 3397 992 3460; x_wconf 85' lang='lat' dir='ltr'><strong>rebus</strong></span> <span class='ocrx_word' id='word_1_317' title='bbox 1007 3399 1095 3459; x_wconf 83' lang='lat' dir='ltr'><strong>tantb</strong></span> <span class='ocrx_word' id='word_1_318' title='bbox 1108 3397 1161 3458; x_wconf 84' lang='lat' dir='ltr'><strong>ad·</strong></span> <span class='ocrx_word' id='word_1_319' title='bbox 1277 3387 1278 3414; x_wconf 64' lang='lat'>¹</span> 
     </span>
    </p>
   </div>
   <div class='ocr_carea' id='block_1_7' title="bbox 205 3476 1161 3560">
    <p class='ocr_par' dir='ltr' id='par_1_16' title="bbox 205 3476 1161 3560">
     <span class='ocr_line' id='line_1_39' title="bbox 205 3476 1161 3560; baseline 0.005 -23"><span class='ocrx_word' id='word_1_320' title='bbox 205 3476 297 3538; x_wconf 77' lang='lat' dir='ltr'><strong>ferri?</strong></span> <span class='ocrx_word' id='word_1_321' title='bbox 325 3478 409 3538; x_wconf 86' lang='lat' dir='ltr'><strong>datae</strong></span> <span class='ocrx_word' id='word_1_322' title='bbox 424 3477 553 3549; x_wconf 85' lang='lat' dir='ltr'><strong>litterae,</strong></span> <span class='ocrx_word' id='word_1_323' title='bbox 578 3481 730 3560; x_wconf 85' lang='lat' dir='ltr'><strong>utpignns</strong></span> <span class='ocrx_word' id='word_1_324' title='bbox 745 3481 813 3542; x_wconf 85' lang='lat' dir='ltr'><strong>fidel</strong></span> <span class='ocrx_word' id='word_1_325' title='bbox 835 3488 949 3552; x_wconf 89' lang='lat' dir='ltr'><strong>essent,</strong></span> <span class='ocrx_word' id='word_1_326' title='bbox 971 3481 1161 3544; x_wconf 66' lang='lat' dir='ltr'><strong>mnmestum</strong></span> 
     </span>
    </p>
   </div>
   <div class='ocr_carea' id='block_1_8' title="bbox 0 0 1290 3956">
    <p class='ocr_par' dir='ltr' id='par_1_17' title="bbox 0 0 1290 3956">
     <span class='ocr_line' id='line_1_40' title="bbox 0 0 1290 3956; baseline 0 3"><span class='ocrx_word' id='word_1_327' title='bbox 0 0 1290 3956; x_wconf 95' lang='lat' dir='ltr'><strong> </strong></span> 
     </span>
    </p>
   </div>
  </div>
 </body>
</html>
