2580 3954
198 259 257 320 150
364 267 459 309 nnana
474 268 522 310 111.
555 266 626 308 oar.
641 255 685 311 Ao.
702 255 745 311 26.
777 245 819 325 [a.
833 267 863 306 n.
880 267 906 307 e.
921 247 985 328 296}

195 417 241 481 rel
261 415 398 497 publicae
412 417 556 477 mandam
569 416 708 496 iuvenum
722 415 839 476 restitui
850 420 969 493 posset,
983 411 1090 475 laisum
1106 421 1154 478 te·

196 509 285 572 stem,
308 502 359 579 qui
375 499 517 562 dicendae
533 517 640 560 causae
660 499 780 558 innodo
794 503 969 576 potestatem
984 496 1152 570 ademisset,

161 601 178 648 4
195 589 272 647 insto
287 602 321 646 ac
333 585 383 664 plo
398 581 479 645 bello
492 581 735 662 persequendam
765 597 834 642 cm
851 581 1008 659 Verginius
1024 583 1153 644 mxime

196 689 232 732 ex
246 667 374 729 onmis
388 667 425 729 de
441 667 508 745 lege
522 673 632 744 ageret,
647 666 738 727 duram
754 681 890 728 mensum
906 667 1033 744 spatium
1043 681 1153 728 oonsu-

194 752 273 814 libus
287 751 387 814 datum
402 757 447 813 est
460 751 497 812 ad
511 749 725 828 inspiciendam
739 748 851 827 legem,
868 755 915 816 ut,
934 766 1002 810 cnm
1017 749 1154 811 edocuit·

195 843 261 898 sent
282 834 442 913 populum,
467 833 538 911 qnid
559 833 673 894 fraudis
693 832 833 893 occultae
850 833 996 903 ferrem,
1019 835 1155 894 sinerent

196 919 303 981 deinde
324 918 496 994 suffragium
515 918 602 977 inire.
631 917 689 976 hoc
709 915 856 977 intervalli
877 917 976 977 datum
1001 933 1051 978 res
1071 923 1153 977 tran·

162 1000 303 1080 aquiliae
323 1002 354 1061 in
375 1000 451 1062 urbe
472 1000 552 1062 lecit
582 1015 639 1062 nec
659 999 829 1060 diuturnam
847 1001 979 1078 quietem
992 1000 1087 1078 Aequi
1101 1001 1154 1061 de·

197 1086 317 1155 derunt,
341 1085 392 1162 qni
407 1091 498 1162 rupto
517 1084 653 1154 loedere,
679 1083 758 1161 qnod
772 1085 864 1144 imum
881 1091 946 1145 erat
957 1085 1062 1162 priore
1075 1101 1154 1144 anno

197 1185 265 1230 cum
277 1167 427 1238 Romanis,
445 1169 604 1247 imperium
618 1168 654 1229 ad
669 1166 838 1230 Gracchum
852 1167 997 1230 Cloelium
1005 1168 1154 1229 deleremt

163 1254 223 1314 tis
243 1260 307 1312 tum
326 1250 416 1330 longe
438 1253 579 1331 princeps
600 1254 632 1312 in
647 1253 756 1330 Aequis
778 1257 849 1312 enat.
883 1251 1020 1314 Graccho
1034 1252 1108 1313 duce
1123 1253 1155 1310 in
1279 1291 1280 1308 1

197 1334 377 1398 Labicanum
397 1353 515 1413 agrum,
541 1336 610 1397 inde
634 1337 666 1395 in
679 1334 878 1396 tusculanum
907 1335 1007 1397 humili
1030 1333 1155 1415 popula·
1279 1375 1280 1378 =

196 1422 278 1480 done
298 1420 421 1480 veniunt
441 1418 583 1496 plenique
601 1419 732 1498 praedae
755 1422 788 1479 in
804 1418 908 1496 Algido
927 1428 1022 1480 castra
1045 1418 1154 1480 locant.
1279 1461 1280 1500 p

196 1506 228 1563 in
249 1520 284 1564 ea
305 1509 401 1562 castra
421 1499 454 1570 Q.
470 1502 579 1562 Fabius
592 1503 625 1563 Ρ.
643 1501 817 1564 Volumnius
834 1503 867 1564 A.
882 1503 1050 1565 Postumius
1066 1502 1155 1580 legati

197 1585 233 1646 ab
257 1584 351 1646 Roma
375 1593 520 1646 venerunt
545 1593 680 1663 questum
704 1587 828 1648 iniurias
852 1593 883 1648 et
905 1605 941 1649 ex
967 1605 1003 1649 eo
1033 1586 1156 1648 loedere
1279 1603 1280 1614 ²

163 1681 246 1733 tres
260 1669 427 1748 repetitum.
466 1687 517 1730 eos
533 1670 703 1748 Aequorum
720 1671 898 1750 imperator,
920 1687 997 1749 quae
1018 1670 1155 1732 mandata
1279 1715 1280 1750 p

196 1751 326 1814 habeant
341 1751 378 1812 ab
392 1759 498 1814 senatu
510 1753 660 1824 Romano,
678 1754 714 1815 ad
729 1771 872 1832 quercum
887 1753 972 1817 iulet
986 1755 1101 1816 dicere:
1123 1771 1156 1814 se
1279 1755 1280 1822 ᾗ

197 1835 254 1897 alia
265 1837 386 1898 interim
401 1843 544 1898 aetrnum.
569 1853 697 1916 querens
713 1840 819 1916 ingens
833 1837 923 1900 arbor
937 1840 1088 1919 memorio
1099 1839 1156 1898 im·
1249 1875 1251 1879 -
1279 1837 1280 1882 i

163 1919 344 1990 eminebat,
367 1921 450 1982 orius
471 1920 577 1982 umbra
598 1938 691 1999 opaca
715 1922 801 1984 sedes
823 1929 894 1984 erat.
923 1929 987 1984 tum
1001 1939 1038 1984 an
1051 1921 1156 2000 legatis

198 2020 276 2065 unns
295 2002 398 2065 abiens
418 2011 469 2074 „et
487 2004 581 2066 haeo“
604 2006 700 2083 inquit
719 2013 852 2076 „sacrata
875 2023 1004 2084 quercus
1027 2013 1057 2068 et
1071 2004 1156 2083 quid·

199 2087 271 2164 quid
285 2087 409 2148 deorum
424 2095 468 2148 est
488 2089 607 2150 audiant
626 2089 730 2150 ioadus
751 2107 767 2150 a
785 2088 869 2150 vobis
888 2097 1009 2170 ruptum
1031 2089 1156 2150 nostris·
1279 2115 1280 2162 q

198 2187 255 2248 que
277 2177 307 2232 et
327 2189 406 2230 nnnc
421 2171 562 2248 querellis
577 2173 674 2234 adsint
696 2179 725 2234 et
738 2187 808 2234 mox
824 2174 929 2246 armis,
947 2189 1016 2236 oum
1031 2173 1156 2234 deorum

162 2259 180 2310 9
196 2254 411 2330 hominumque
425 2254 512 2315 simul
529 2255 634 2317 dolata
652 2258 716 2316 iura
736 2265 962 2335 exsequemur.“
984 2257 1109 2318 Romam
1124 2261 1158 2315 ut

197 2337 315 2398 rediere
342 2336 448 2415 legati,
479 2345 598 2400 senatus
626 2341 711 2402 iussit
733 2339 859 2402 alterum
880 2339 1034 2404 consulam
1052 2345 1155 2401 contra
1279 2397 1280 2400 ,

198 2419 365 2482 Gracchum
386 2423 416 2480 in
431 2421 567 2500 Algidum
599 2425 762 2486 exercitum
781 2423 908 2495 ducere,
925 2423 1011 2486 alteri
1030 2422 1156 2504 popula·
1279 2427 1280 2430 ’

104 2501 113 2514 ““
196 2503 307 2565 tionem
328 2503 432 2564 linium
452 2505 622 2584 Aequorum
646 2509 828 2586 provinciam
850 2509 938 2570 dedit.
969 2507 1155 2569 tribuniano
1279 2507 1280 2510 ’

197 2603 283 2649 more
296 2589 440 2666 impedim
455 2589 610 2660 dilectum:
631 2599 660 2653 et
675 2593 798 2652 forsitan
814 2592 851 2653 ad
865 2591 1001 2653 ultimum
1014 2591 1155 2671 impedis·

197 2679 279 2740 sent3
296 2673 347 2733 sed
363 2689 456 2733 novus
470 2672 568 2734 subito
583 2675 698 2737 additus
710 2683 810 2738 terror
828 2684 881 2738 cst.

164 2764 178 2814 1
258 2755 355 2816 XXVI.
388 2757 438 2816 Vis
458 2756 634 2819 Sabinorum
654 2761 758 2838 ingens
774 2777 869 2839 prope
884 2761 921 2823 ad
937 2761 1055 2822 moenia
1069 2757 1154 2820 mltis

196 2838 302 2900 infeste
318 2837 507 2916 populatione
518 2844 610 2904 venit:
627 2844 736 2905 foedati
746 2846 819 2921 agri,
838 2851 936 2906 terror
947 2847 1073 2906 iniectus
1083 2840 1154 2902 rubi

198 2929 250 2982 est.
272 2928 335 2981 tum
349 2921 434 2999 plebs
449 2922 577 3002 henigne
592 2944 673 2988 mma
689 2929 783 3006 cepit;
799 2927 1030 2990 reclamantibus
1044 2927 1154 2988 frustra

162 3003 324 3066 ttrihunls
349 3009 447 3084 magni
474 3007 533 3068 duo
561 3013 707 3072 exercitus
732 3013 845 3090 scripti.
881 3011 1006 3073 alterum
1030 3009 1153 3072 Nautius

198 3096 301 3148 contra
326 3087 451 3152 Sabinos
472 3092 567 3163 duxit,
594 3095 757 3172 castrisque
781 3095 818 3156 ad
833 3096 955 3156 Eretum
974 3095 1078 3174 positis
1098 3109 1153 3170 per

198 3172 399 3250 expeditiones
419 3191 539 3252 parvas,
562 3175 737 3256 plerumque
752 3180 907 3242 nocturnis
922 3175 1151 3244 incursionibus,

196 3263 307 3340 mutam
321 3258 482 3318 vastitatem
496 3259 528 3318 in
544 3259 654 3321 Sabino
668 3278 740 3339 agro
756 3262 893 3334 reddidit,
909 3271 942 3323 ut
952 3261 1104 3342 conparati
1115 3258 1152 3320 ad

163 3347 179 3399 3
198 3355 262 3398 eam
279 3356 374 3417 prope
388 3342 489 3400 intacti
502 3341 583 3404 hello
597 3344 671 3407 fines
685 3345 811 3407 Romani
824 3347 1003 3409 viderentur.
1023 3343 1151 3407 Minucio

196 3435 294 3498 neque
316 3421 432 3483 souma
457 3439 513 3486 nec
534 3429 576 3487 ds
597 3427 688 3489 animi
708 3430 812 3492 eadem
830 3431 862 3490 in
886 3431 1017 3509 gerendo
1031 3428 1151 3506 negotio

195 3501 262 3562 fuit:
280 3520 349 3565 nam
359 3523 426 3566 cum
439 3506 516 3568 haud
531 3510 635 3586 procad
649 3511 686 3572 ab
698 3512 783 3576 hoste
795 3521 890 3574 castra
900 3514 1055 3592 posuisset.
1070 3509 1151 3571 1111111
