2534 3956
323 231 419 275 uinus
433 233 477 276 rr.
504 231 575 275 csr.
591 223 634 278 61.
660 215 699 292 [a.
715 212 750 273 O.
766 219 893 290 aot-404]
1015 217 1077 280 255

121 396 240 460 pugnae
256 380 319 440 luit.
349 380 457 440 Artena
471 378 557 446 inde,
571 377 745 439 Volscorum
759 378 914 457 oppidum,
930 378 966 439 ab
982 377 1076 440 tribn-
1094 381 1112 433 u

122 466 169 524 nis
195 462 325 524 obsideri
350 469 462 539 coepta.
501 461 571 522 inde
595 463 674 522 inter
698 463 884 540 eruptionem
908 469 1077 539 temptatam

122 545 266 626 conpulso
281 548 313 606 in
327 543 433 606 urbem
445 544 531 606 hoste
546 547 662 606 occasio
674 545 740 606 data
756 551 800 607 est
812 543 953 605 Romanis
964 546 1076 605 inrum·

121 630 227 708 pendi,
243 635 420 707 praeterque
431 645 530 689 arcem
546 634 645 690 cetera
658 635 751 706 capta.
778 630 810 688 in
822 645 921 689 arcem
935 616 1093 688 munitam*

122 719 224 773 natura
251 710 357 789 globus
382 717 562 770 armatorum
585 712 746 781 concessit,
772 710 849 771 inira
877 728 976 772 arcem
998 713 1077 772 caesi

122 797 258 874 captique
273 793 357 854 mrdti
372 791 520 855 mortales.
555 809 608 854 arx
618 793 725 855 deiude
742 791 946 862 obsidebatur;
962 800 1078 855 necant
1095 793 1111 842 ⁷

121 881 150 939 vi
165 879 232 958 capi
246 883 376 957 poterat,
397 877 465 953 quia
478 894 534 955 pro
555 878 649 955 spatio
665 876 723 937 loci
737 879 807 938 satis
827 878 967 955 praesidii
985 876 1076 938 habe-

120 961 186 1032 bat,
213 969 263 1022 aut
280 979 364 1039 spem
379 959 468 1021 dabat
487 960 644 1022 deditionis
671 961 753 1020 omni
772 959 897 1039 publico
916 961 1074 1031 frumento,

119 1047 291 1124 priusquam
307 1043 380 1104 urbs
396 1051 568 1121 caperetur,
583 1044 615 1104 in
625 1061 726 1104 arcem
737 1051 887 1105 convecto.
918 1044 1076 1120 taedioque
1094 1050 1112 1103 8

120 1146 271 1190 recessum
285 1126 355 1188 inde
370 1127 463 1194 toret,
486 1129 518 1185 ni
537 1143 640 1188 servus
659 1143 759 1186 arcem
772 1126 913 1187 Romanis
929 1127 1077 1204 prodidis-

120 1221 172 1272 set.
201 1211 291 1270 abeo
312 1208 420 1269 milites
440 1224 495 1286 per
518 1208 617 1269 locum
637 1208 761 1269 arduum
781 1211 895 1287 accepti
912 1227 1036 1289 cepere;
1060 1227 1077 1270 a

120 1293 311 1370 quibuscum
330 1291 467 1352 custodes
482 1291 716 1362 trucidarentur,
738 1298 835 1354 cetera
854 1291 1010 1353 mrdtitudo
1029 1311 1077 1353 re-

120 1377 242 1454 pentino
262 1393 371 1454 pavore
391 1372 532 1452 obpressa
553 1375 585 1435 in
600 1373 781 1442 deditionem
800 1377 888 1436 veuit.
925 1376 1022 1436 diruta
1049 1382 1112 1444 eto

121 1477 189 1520 aroc
206 1466 235 1520 et
251 1458 326 1520 urbe
342 1457 450 1518 Artena
468 1457 608 1519 reductae
621 1456 754 1536 legiones
773 1477 809 1520 ex
824 1458 952 1530 Volscis,
967 1460 1077 1521 omnis·

120 1559 178 1621 que
195 1543 238 1604 vis
251 1541 383 1604 llomana
395 1540 483 1602 Veios
499 1559 639 1603 conversa
655 1547 708 1603 est.
739 1543 885 1621 proditori
906 1550 1026 1624 praeter
1040 1542 1076 1602 li·
1095 1545 1128 1598 1⁰

119 1625 264 1688 bertatem
278 1626 403 1686 duarum
416 1623 594 1686 familiarum
608 1624 686 1686 bona
696 1627 727 1686 in
738 1629 903 1704 praemium
913 1628 994 1698 data,
1007 1628 1076 1689 Ser·

119 1711 183 1770 vius
198 1710 348 1770 Romanus
361 1710 511 1769 vocitatus.
541 1717 610 1770 sunt
623 1709 675 1787 qui
688 1709 827 1770 Artenam
834 1711 999 1772 Veientium
1014 1727 1076 1769 non

119 1792 294 1853 Volscorum
305 1791 395 1853 fuisse
409 1791 540 1853 credant.
554 1850 557 1855 ,
569 1791 693 1870 praebet
707 1810 842 1854 errorem
853 1793 932 1871 quod
944 1792 1076 1854 eiusdem
1094 1798 1126 1849 11

120 1877 248 1936 nominis
264 1874 338 1935 urbs
352 1876 430 1936 inter
447 1874 539 1936 Caere
556 1881 644 1952 atque
654 1873 741 1936 Veios
756 1875 825 1944 iuit;
842 1876 894 1938 sed
909 1894 974 1938 eam
988 1893 1076 1954 reges

120 1958 246 2019 Romani
262 1956 413 2027 delevere,
428 1958 641 2034 Caeretumque
652 1975 713 2017 non
723 1959 888 2020 Veientium
899 1957 1003 2020 iuerat
1033 1957 1075 2018 al·

1 2061 2 2090 ἐ
118 2048 183 2102 tera
197 2040 271 2103 baec
286 2041 406 2102 nomine
427 2041 532 2103 eodem
548 2042 580 2102 in
593 2039 698 2101 Volsco
716 2059 787 2120 agro
802 2042 873 2111 fuit,
892 2044 976 2104 culus
997 2042 1075 2103 exci-

1 2187 2 2200 p
110 2119 200 2186 *dium
215 2124 390 2186 estdictum

376 2607 605 2671 Puniceus
634 2606 758 2669 LlBlll
780 2607 818 2670 V.

184 2743 214 2792 ln
226 2741 358 2793 obsidione
372 2741 492 2791 Veiorum
505 2739 668 2792 hibernaculo
682 2739 803 2793 militibus
818 2741 962 2792 iactesunt.
990 2756 1020 2790 es
1030 2758 1072 2793 res

118 2818 356 2872 comestionum,
373 2809 572 2873 indignationem
582 2809 740 2860 tribunorum
756 2809 836 2874 plebis
854 2809 946 2869 movit,
964 2823 1070 2872 queren-

117 2877 181 2925 tlnm
193 2891 244 2926 non
256 2876 310 2926 dari
321 2875 391 2942 plebi
402 2890 449 2925 neo
459 2890 505 2942 per
521 2875 630 2926 hiemem
645 2875 749 2926 mibuse
759 2863 881 2940 requiem.
905 2876 1001 2940 equites
1018 2885 1072 2927 tum

1 2990 3 2995 .
117 2942 228 3007 primum
244 2943 317 3006 equis
334 2943 388 2994 suis
410 2958 507 2993 merere
524 2951 669 3008 coeperunt.
692 2956 750 2992 oum
765 2943 895 2994 inundatio
913 2958 946 2992 ex
957 2942 1014 2993 lacu
1025 2943 1070 2994 sl·

117 3010 185 3058 bano
196 3009 262 3058 iscta
274 3017 355 3069 esset,
371 3017 456 3069 vates,
475 3011 520 3072 qui
532 3024 588 3060 eam
598 3023 652 3059 rem
671 3010 887 3074 interpretaretur,
906 3025 938 3059 ex
954 3008 1071 3060 hostibus

117 3083 206 3140 ceptus
220 3083 267 3124 est.
295 3074 387 3125 Furius
401 3074 518 3127 Camillus
535 3077 642 3127 dictator
658 3076 746 3126 decem
762 3089 843 3126 annos
856 3077 975 3127 obsessos
992 3077 1071 3127 Veios

116 3140 1071 3260 t⁶t¹tt¹t¹¹¹ttitttt⁰”intumultimmutuit?

117 3224 222 3336 stdeprec
235 3221 354 3392 prgdltos
373 3242 483 3325 bostium
499 3276 564 3326 illios
581 3275 730 3342 parentibus
745 3276 856 3338 remisit,
873 3276 1007 3340 statimque
1023 3276 1068 3326 de·

118 3343 214 3393 ditione
246 3349 303 3391 octo
325 3341 478 3391 Faliscorum
499 3343 631 3394 victoriam
651 3343 746 3394 iustitia
768 3351 917 3393 consecutus
936 3350 983 3394 est.
1012 3357 1070 3393 cnm

117 3408 179 3458 ulter
191 3408 382 3459 excessoribus
395 3407 423 3459 G.
435 3408 515 3459 lulius
533 3409 697 3471 decessisset,
713 3410 741 3459 in
757 3408 839 3460 locum
857 3411 914 3460 eius
924 3410 960 3460 bl.
972 3407 1068 3461 (lorne-

117 3475 167 3525 llus
184 3475 369 3535 senecensem
387 3490 433 3526 neo
444 3474 472 3527 ld
489 3483 579 3542 postea
600 3476 694 3529 luctum
711 3484 762 3539 est,
780 3477 898 3540 quonism
915 3491 945 3528 eo
957 3477 1036 3528 lustro
1053 3489 1070 3526 a
