2548 3954
773 21 787 53 b

201 258 221 318 6
522 271 616 313 nrusn
631 271 652 311 1.
685 269 756 312 cur.
770 264 796 317 3.
811 267 838 314 a.

167 438 183 488 a
201 419 329 481 nominis
343 419 389 479 sui
401 429 559 497 nuncupat.
581 418 766 488 isdscauius,
783 417 961 495 abierunque
972 428 1000 480 et
1012 436 1152 496 quacum·

201 521 259 583 que
271 511 366 564 matre
378 505 494 582 genitus
507 536 542 547 -
558 509 638 563 certe
653 509 753 564 uatum
768 503 864 564 Aenea
883 510 1044 563 constat-
1059 501 1152 563 abun·

201 588 288 649 dante
303 587 405 648 Lavini
420 585 605 646 mulu‘tudine
620 585 776 648 florentem
789 587 856 655 iam,
872 593 904 649 ut
919 592 980 646 tum
996 594 1151 655 reserant,

202 682 289 748 atque
305 669 474 750 opulentam
488 667 592 730 urbem
608 671 695 730 matri
709 688 762 730 seu
777 687 922 731 novercae
934 668 1082 746 relinquit,
1098 687 1152 729 uo·

201 773 265 815 vam
285 757 349 833 ipse
368 753 453 814 aliam
473 752 528 814 sub
543 751 656 813 Albano
670 760 770 813 monte
785 753 930 824 condidit,
954 771 1029 831 quae
1041 750 1078 812 ab
1094 754 1152 816 situ

201 845 355 919 porrectae
372 841 403 898 in
419 837 507 898 dorso
523 835 605 897 urbis
618 836 719 914 Longa
733 835 806 897 liba
825 836 980 914 appellata.
1060 855 1064 864 ’

172 935 181 980 r
261 923 340 982 Inter
357 921 507 981 Lavinium
527 928 554 981 et
569 919 672 982 Albam
688 920 820 997 Longam
836 919 990 982 deductam
1005 917 1152 980 coloniam

200 1007 318 1084 triginta
342 1005 435 1065 ferme
456 1004 618 1066 interfuere
639 1005 717 1065 anui.
749 1010 860 1064 tautum
881 1011 980 1066 tamen
999 1020 1071 1080 opes
1086 1019 1151 1062 cre·

200 1095 302 1150 verant
317 1090 443 1149 maxime
455 1087 530 1148 lusis
541 1087 681 1158 Etruscis,
697 1097 729 1148 ut
740 1104 777 1148 ue
789 1094 885 1148 morte
895 1087 1015 1164 quidem
1026 1086 1152 1154 Aeneae,

194 1175 256 1233 'nee
274 1172 380 1233 deiude
397 1173 476 1233 inter
489 1171 666 1233 muliebrem
684 1169 804 1233 tutelam
818 1171 1075 1246 rudimentumque
1090 1169 1152 1247 pri·

202 1273 281 1317 mum
292 1255 415 1334 puerilis
427 1257 511 1334 regni
523 1273 641 1317 movere
652 1271 733 1316 arma
746 1261 795 1318 aut
806 1255 967 1316 Mezentius
976 1253 1152 1328 Etruscique
1262 1309 1263 1316 ,

168 1348 251 1401 aaut
277 1339 330 1400 ulli
351 1339 400 1400 alii
423 1338 542 1400 accolae
566 1341 628 1400 ausi
653 1339 719 1399 siut.
759 1355 816 1416 par
838 1338 877 1398 ita
896 1344 1092 1406 convenerat,
1121 1343 1153 1395 ut

202 1425 334 1484 Etruscis
354 1423 523 1500 Latinisque
544 1423 650 1484 fluvius
671 1419 791 1492 Albula,
813 1439 901 1498 quem
921 1437 1001 1484 nuuc
1021 1419 1152 1481 Tiberim

167 1517 183 1566 6
201 1515 321 1577 vocant,
341 1506 408 1568 linis
429 1513 514 1568 esset.
547 1505 652 1567 Silvius
669 1504 776 1568 dende
797 1511 917 1582 regnat,
938 1504 1044 1568 Ascani
1065 1501 1152 1571 iilius,

168 1604 183 1652 7
202 1608 271 1650 casu
283 1589 414 1666 quodam
431 1591 463 1649 in
478 1588 557 1652 silvis
571 1595 665 1650 natus.
694 1589 721 1650 is
735 1588 864 1652 Aeneam
880 1588 1001 1652 siluam
1017 1593 1112 1654 ercam
1127 1587 1153 1646 is

202 1673 308 1734 deiude
322 1672 457 1734 Latinum
472 1672 602 1735 Silvium.
625 1669 661 1733 ab
678 1691 712 1734 eo
728 1670 862 1736 coloniae
876 1670 988 1749 aliquot
1001 1669 1152 1739 deductae,
1262 1689 1263 1696 ¹

167 1764 184 1814 8
202 1756 295 1818 Prisci
302 1755 552 1834 Latiniappellati.
568 1757 676 1818 mansit
683 1755 780 1818 Silviis
790 1764 891 1834 postea
900 1753 1036 1817 omnibus
1043 1769 1152 1830 cogno·

202 1858 278 1910 men,
296 1843 346 1918 qui
359 1839 451 1902 Albae
462 1847 668 1918 regnaverunt.
690 1839 876 1904 Latinollba
888 1846 979 1908 ortus,
991 1835 1062 1898 liba
1074 1837 1152 1914 Atys,

162 1925 163 1930 ’
201 1925 272 2004 Atye
287 1925 389 2004 Capys,
405 1925 500 2005 Capye
513 1924 648 2003 Capetus,
667 1925 775 2002 Capeto
791 1922 958 1994 Tiberinus,
981 1923 1032 1998 qui
1046 1921 1078 1980 iu
1092 1927 1152 1979 tra·
1262 1977 1263 1998 ἶ

200 2009 279 2069 iectu
299 2007 421 2070 bibulae
443 2009 537 2069 amnis
556 2007 728 2070 submersus
750 2005 868 2073 celebre
890 2007 926 2072 ad
946 2012 1080 2084 posteros
1099 2020 1153 2063 uo·

165 2106 183 2156 9
201 2108 268 2152 meu
278 2091 394 2152 llumini
405 2091 493 2152 dedit.
510 2092 638 2170 Agrippa
649 2091 718 2151 inde
730 2089 863 2156 'liberini
873 2089 959 2160 iilius,
971 2097 1039 2168 post
1049 2088 1154 2165 Agrip·

200 2192 271 2254 paru
296 2174 438 2236 Romulus
459 2174 566 2236 Silvius
588 2193 604 2238 a
632 2181 717 2254 patre
745 2183 867 2253 accepto
885 2174 1011 2252 imperio
1039 2178 1153 2248 regnat.

200 2258 343 2320 Aventino
363 2258 487 2322 fulmine
507 2259 572 2337 ipse
588 2259 664 2321 ictus
682 2275 809 2336 regnum
830 2277 885 2338 per
901 2274 1006 2318 manus
1024 2255 1153 2316 tradidit.

201 2345 226 2402 is
241 2341 373 2420 sepultus
389 2343 420 2401 in
435 2360 469 2402 eo
486 2341 571 2412 colle,
592 2345 642 2419 qui
657 2359 736 2409 nunc
750 2359 820 2420 pars
833 2341 983 2408 Romanae
999 2347 1043 2401 est
1062 2337 1154 2405 urbis,

153 2436 183 2486 to
202 2441 367 2502 cognomen
384 2423 454 2490 colli
471 2425 548 2488 lecit.
570 2423 664 2489 Proca
679 2425 785 2492 deinde
796 2433 908 2504 regnat.
931 2423 1154 2486 isblumitorem

201 2518 290 2587 atque
305 2509 451 2574 Amulium
466 2517 620 2594 procreat3
645 2508 807 2578 Numitori,
831 2511 880 2586 qui
896 2509 995 2586 stirpis
1009 2507 1153 2569 maximus

202 2599 279 2664 erat,
302 2610 428 2670 reguum
447 2599 590 2660 vetustum
614 2592 720 2660 Siluiae
742 2595 836 2670 gentis
856 2593 942 2672 legat.
973 2590 1040 2670 plus
1055 2599 1153 2654 tamen
1219 2640 1222 2644 ,

200 2677 243 2737 ris
263 2677 359 2755 potuit
385 2693 473 2752 quam
497 2675 629 2738 voluntas
649 2677 741 2755 patris
764 2684 814 2744 aut
841 2675 1017 2738 verecundia
1042 2673 1152 2737 aetatis.

153 2771 179 2820 ι]
200 2758 285 2838 pulso
300 2760 391 2820 fratre
407 2759 539 2820 Amulius
552 2767 665 2838 regnat.
682 2759 762 2822 addit
777 2759 883 2827 sceleri
899 2758 1011 2820 scelus:
1032 2759 1153 2833 stirpem

200 2844 300 2903 lratris
313 2841 426 2902 rirdem
438 2843 596 2912 interemit,
610 2843 711 2907 [ratris
721 2842 799 2906 filiae
811 2843 889 2912 lieae
903 2842 1010 2904 Silviae
1020 2857 1074 2919 per
1085 2857 1152 2916 spe·

148 2980 150 2994 ,
201 2927 277 2988 ciem
293 2925 426 2995 honoris,
443 2942 511 2986 cum
525 2926 669 2988 Vestalem
685 2945 749 2987 eam
763 2925 891 3005 legisset,
907 2931 1050 3005 perpetua
1066 2923 1154 3000 virgi-

201 3011 291 3073 nitate
305 3027 389 3088 spem
403 3018 506 3086 partus
522 3009 631 3078 adimit.

168 3104 180 3152 1
262 3093 307 3154 iv.
328 3092 386 3160 Sed
402 3091 575 3164 debebatur,
592 3101 626 3154 ut
639 3097 761 3172 opinor,
776 3095 842 3154 fatis
858 3101 955 3154 tantae
970 3094 1054 3170 origo
1072 3089 1153 3150 urbis

201 3179 378 3255 maximique
403 3177 566 3238 secundum
589 3177 712 3241 deorum
732 3195 805 3255 opes
824 3176 943 3255 imperii
963 3176 1152 3254 principium.

166 3273 183 3321 2
200 3261 227 3318 ri
242 3279 411 3340 compressa
426 3260 548 3323 Vestalis
561 3279 628 3325 cum
643 3261 793 3340 geminum
804 3267 919 3339 partum
938 3259 1084 3326 edidisset,
1101 3275 1153 3318 seu

200 3346 239 3406 ita
255 3351 327 3416 rata,
341 3363 394 3406 seu
411 3346 479 3422 quia
496 3345 569 3407 deus
583 3351 686 3406 auctor
701 3343 805 3423 eulpae
820 3343 973 3405 honestior
990 3349 1061 3410 erat,
1076 3341 1150 3401 uar-
1262 3417 1263 3424 ἵ

167 3437 260 3490 atem
283 3429 416 3490 incertae
439 3429 539 3507 stirpis
560 3436 674 3506 patrem
695 3435 853 3506 nuncupat.
884 3427 934 3489 sed
958 3443 1014 3487 noc
1035 3425 1075 3485 dii
1098 3441 1150 3484 ner

201 3511 336 3574 homiues
348 3518 397 3572 aut
407 3512 501 3589 ipsam
510 3518 559 3571 aut
566 3514 686 3591 stirpem
694 3529 710 3571 a
718 3510 891 3572 crudelitate
898 3511 980 3588 regia
990 3509 1151 3571 vindicant.
