2534 3956
262 120 269 126 ⁷
296 171 393 213 ιιιιιι
408 171 438 215 ι.
463 170 533 212 ιιι.
549 163 593 216 ιι.
609 161 653 215 ιι.
680 149 718 232 [ι.
737 151 772 216 0.
787 150 849 232 390]
983 156 1045 219 30⁷

90 328 173 399 cepta
187 326 248 381 tota
264 317 340 381 urbe
356 319 531 399 Capitolium
547 326 645 380 ιιιιιι
663 325 750 397 atque
772 336 872 382 arcem
896 319 1008 398 diique
1017 327 1047 382 et

89 405 223 465 homines
235 403 361 480 Romani
375 401 744 472 tenuerinthabitaverint,
761 401 922 464 victoribus
938 402 1045 464 lloma·

89 489 148 557 nis,
172 471 347 564 recuperata
370 484 446 547 urbe
466 503 519 548 arx
540 501 659 565 quoquc
679 492 708 548 et
728 479 903 564 Capitolium
925 485 1044 548 desere·

45 563 51 590 ¹
87 578 151 641 tur,
182 577 211 632 ιι
229 568 296 649 plus
318 570 458 632 rastitatis
476 569 546 632 huic
565 567 635 630 urbi
656 569 785 631 secunda
807 576 907 631 nostra
928 569 1046 631 fortuna

87 655 175 716 faciet
192 670 280 732 quam
297 654 419 715 adversa
435 654 524 715 feciti
553 652 706 732 equidem,
730 653 756 714 si
775 651 863 714 nobis
883 670 951 714 oum
969 651 1079 716 urben

87 736 175 800 simul
192 738 306 816 positae
328 737 509 815 traditaeque
524 754 579 817 per
592 754 697 798 manus
712 736 872 814 religiones
884 735 984 798 nullae
1000 756 1045 799 es-

87 828 169 891 sent,
186 827 285 882 tamen
298 827 358 882 tam
374 821 493 884 evidens
508 838 619 882 numen
635 819 692 882 hac
702 826 877 899 tempestate
888 819 978 882 rebus
994 820 1045 882 ad-

86 905 142 965 luit
155 904 311 975 Romanis,
326 911 359 965 ut
372 922 490 966 omnem
502 903 719 983 neglegentiam
730 903 821 965 divini
835 904 931 966 cultus
947 923 1045 966 exem·

86 994 165 1069 ptam
180 987 350 1049 hominibus
371 993 481 1066 putem.
513 989 669 1048 intuemini
686 989 765 1048 enim
780 988 888 1048 horum
904 988 1045 1069 deinceps
1062 997 1079 1050 ι

86 1088 232 1132 annorum
247 1070 292 1132 vel
310 1070 454 1133 secundas
470 1089 519 1132 res
534 1070 579 1132 vel
598 1070 750 1140 adversas,
772 1073 926 1132 invenietis
946 1073 1044 1132 omnia

85 1173 229 1232 prospere
242 1155 374 1215 evenisse
385 1153 578 1232 sequentibus
589 1153 675 1223 deos,
687 1153 809 1216 adversa
823 1155 1042 1234 spernentibus.

86 1255 145 1298 ram
166 1239 297 1299 omnium
318 1238 449 1315 primum
472 1238 579 1299 Veiens
598 1235 710 1298 bellurn
733 1269 768 1280 —
790 1255 845 1316 per
862 1243 934 1314 quot
949 1249 1079 1302 annostl

88 1325 195 1399 quanto
218 1318 321 1382 labore
342 1321 533 1399 gestumi—
553 1337 614 1380 non
638 1327 706 1381 ante
729 1321 808 1399 cepit
830 1321 932 1389 tinem,
956 1333 1078 1400 queunt

84 1404 198 1465 monitu
224 1403 348 1465 deorum
370 1421 446 1489 aqpa
474 1423 510 1466 ex
533 1403 601 1464 lacu
619 1402 732 1464 Albano
761 1405 867 1466 emissa
888 1411 939 1476 ιιι,
973 1405 1044 1483 quid

84 1487 159 1550 baec
175 1487 296 1549 tandem
309 1485 393 1549 urbis
407 1495 527 1550 nostrae
548 1486 648 1550 clades
668 1503 743 1549 nova
764 1504 836 1547 num
852 1495 920 1550 ante
942 1495 1042 1551 exorta

88 1579 144 1643 a,st
166 1589 254 1650 quam
270 1577 370 1651 spreta
384 1590 440 1633 ιοιι
461 1571 543 1634 caelo
560 1573 665 1634 omissa
681 1570 718 1632 de
739 1570 865 1634 adventu
880 1571 1042 1644 Gallorum,

85 1672 173 1732 ιιιιι
189 1656 341 1734 gentium
332 1673 379 1717 rus
394 1655 430 1716 ab
445 1655 550 1733 legatis
563 1657 673 1717 nostris
684 1654 837 1725 violatum,
855 1672 943 1731 quam
959 1674 976 1716 a
989 1673 1042 1716 no·

84 1738 145 1809 bis,
168 1758 236 1801 oum
256 1740 400 1801 vindicari
421 1739 558 1809 deberet,
588 1738 690 1800 eedem
710 1737 897 1816 neglegentia
917 1738 1043 1801 deorum

84 1823 343 1901 praetermissum?
374 1823 466 1899 igitur
479 1824 549 1883 victi
565 1823 701 1900 captique
717 1840 751 1882 ac
768 1821 914 1902 redempti
928 1827 1042 1884 tanturn
1059 1835 1076 1888 8

83 1922 249 1984 poenarum
269 1905 313 1967 dis
334 1904 563 1985 hominibusque
578 1905 726 1976 dedimus,
752 1912 785 1965 ιι
810 1915 958 1967 terrarum
976 1904 1043 1966 orbi

84 1988 263 2050 documento
284 2006 425 2050 essemus.
460 1990 599 2051 adversae
626 1988 733 2050 deiude
755 2006 805 2050 ros
825 1989 1043 2051 admonuerunt

83 2069 278 2148 religionum:
295 2072 482 2149 confugimus
496 2075 527 2133 ιι
542 2070 719 2152 Capitolium
735 2072 773 2133 ad
787 2072 874 2143 deos,
890 2073 1041 2135 adsedem
1058 2077 1075 2130 c

82 2154 159 2216 lovis
174 2155 276 2235 optimi
291 2158 426 2226 maximi3
442 2175 526 2218 sacra
538 2159 570 2217 ιι
584 2157 671 2216 ruina
682 2172 785 2216 rerum
799 2162 969 2218 nostrarum
986 2155 1042 2216 alia

82 2244 182 2300 terrae
201 2238 376 2315 celavimus,
391 2239 447 2301 alia
463 2247 562 2302 auecta
575 2241 607 2299 ιι
621 2239 760 2300 finitimos
775 2237 866 2301 urbes
879 2241 1041 2301 amovimus

82 2321 120 2383 ab
134 2322 264 2384 hostium
280 2323 389 2393 oculis;
410 2324 535 2386 deorum
556 2322 669 2385 cultum
686 2322 796 2384 deserti
815 2320 851 2383 ab
873 2323 929 2384 diis
944 2323 1040 2384 homi-

81 2405 228 2486 nibusque
247 2412 346 2469 tamen
365 2425 426 2469 non
443 2408 666 2469 intermisimus.
701 2403 858 2466 reddidere
877 2407 967 2483 igitur
988 2425 1040 2485 pa·
1060 2415 1092 2467 ιι

81 2491 169 2550 triam
184 2497 213 2550 et
223 2491 376 2551 victoriam
391 2498 421 2552 et
437 2491 590 2568 antiquum
605 2487 678 2549 belli
691 2487 783 2550 decus
796 2489 951 2558 amissum
968 2495 999 2550 ιι
1009 2491 1041 2550 ιι

81 2571 198 2643 hostes,
216 2573 267 2650 qui
282 2574 363 2634 caeci
380 2573 500 2633 ιιιιιιιι
515 2574 546 2631 ιι
557 2571 691 2650 pondere
705 2573 771 2632 auri
784 2571 888 2633 foedus
902 2590 936 2632 ac
952 2572 1040 2634 fldem

81 2654 266 2726 fefellerunt,
282 2661 435 2717 verterunt
450 2662 597 2718 terrorem
612 2655 770 2734 fugamque
787 2661 817 2716 et
831 2655 983 2717 caedem.“

144 2739 203 2800 Lll.
230 2739 330 2810 „llaec
342 2739 413 2800 culti
426 2739 613 2818 neglectique
624 2741 755 2800 numinis
768 2746 848 2800 tanta
858 2741 1039 2802 monimenta
1059 2746 1073 2797 1

81 2825 112 2883 ιι
126 2821 216 2885 rebus
227 2823 364 2884 humanis
375 2828 531 2885 cernentes
543 2822 649 2901 ecquid
660 2823 784 2894 sentitis
797 2819 933 2893 Quirites,
946 2842 1038 2903 quau·

81 2914 144 2966 turn
163 2907 311 2969 vixdume
332 2907 494 2986 naufragiis
510 2907 621 2986 prioris
641 2905 748 2984 culpae
770 2906 921 2986 cladisque
942 2925 1038 2970 emer-

81 2997 185 3068 gentes
208 3009 347 3074 paremus
368 2991 469 3053 natast
504 2990 610 3052 urbem
629 2992 781 3069 auspicato
801 2993 1072 3069 inauguratoquen

81 3073 229 3134 conditam
250 3067 408 3144 habemus;
432 3071 531 3134 nullus
550 3073 668 3135 locus
659 3091 748 3136 mea
774 3091 835 3134 non
859 3072 1039 3152 religionum

81 3157 265 3236 deorumque
286 3165 330 3219 est
350 3157 471 3237 plenus,
491 3157 644 3218 sacrificiis
670 3154 863 3220 sollemnibus
888 3174 950 3218 non
975 3157 1038 3218 dies

80 3241 175 3319 magis
190 3241 258 3302 stati
274 3259 362 3322 quam
381 3241 446 3302 loca
469 3247 552 3312 suut,
573 3241 606 3301 ιι
627 3239 735 3320 quibus
752 3241 833 3302 tiant.
863 3239 919 3302 hos
935 3251 1071 3304 omuest

81 3324 153 3386 deos
166 3324 303 3404 publicos
313 3327 516 3405 privatosque,
532 3321 677 3396 Quirites,
689 3324 837 3388 deserturi
849 3326 935 3386 estisi
950 3342 1038 3424 quam

80 3424 137 3488 per
151 3417 281 3470 vestrum
295 3409 405 3472 lactum
421 3416 465 3471 est
486 3408 686 3487 ei,quod1u
709 3407 863 3471 obsidione
886 3427 982 3488 nuper
1006 3409 1037 3468 ιι
