2580 3954
191 126 252 188 146
317 137 412 180 crana
427 138 473 178 111.
505 137 577 180 cer.
592 128 635 182 20.
650 128 694 181 tl.
721 119 762 198 [a.
780 138 809 178 a.
827 138 853 178 a.
871 127 931 182 294.
947 117 1010 195 tet]

154 299 172 348 t
188 294 251 348 tum
267 293 358 356 esset,
378 284 409 346 id
423 285 549 346 comitiis
565 283 608 346 ibi
622 281 826 361 abrogaretur.
856 285 952 346 omnis
966 284 997 346 id
1011 285 1152 347 iussuros

190 369 269 448 quod
284 368 421 432 consules
436 367 558 438 vellent,
583 385 680 444 nequa
708 368 788 428 enim
811 369 1051 448 provocationem
1079 388 1149 431 esse

189 454 306 532 longius
321 452 357 514 ab
371 451 445 514 urbe
456 451 536 512 mille
551 469 706 530 passuum,
719 458 749 512 et
762 450 914 522 tribuam,
929 453 955 512 si
970 471 1004 513 eo
1016 453 1150 521 veniant,

188 541 220 598 in
242 535 299 598 alla
312 535 399 598 turba
414 533 572 606 Quiritium
590 534 739 596 subiectos
756 533 822 596 loro
835 534 986 596 consulari
1006 537 1150 613 imperio.

153 629 171 682 8
187 620 341 683 terrebant
356 619 441 689 haec,
457 618 509 681 sed
527 618 578 681 ifle
597 620 743 679 maximus
757 625 858 680 terror
876 620 991 680 ammos
1007 617 1138 696 agitabat

187 704 267 784 quod
291 706 408 782 saepius
434 699 588 772 Quinctius
614 699 763 762 dictitabat
788 721 820 764 se
846 701 1001 764 consulunt
1026 703 1149 763 comitia

186 806 247 850 non
261 786 447 848 habiturum:
465 803 526 845 non
540 788 580 846 ita
593 786 739 846 civitatem
754 801 876 862 aegram
886 803 961 856 esso,
977 793 1010 847 ut
1020 803 1149 848 consue·

186 873 224 934 tis
238 869 378 932 remediis
391 870 454 930 sisti
468 875 583 948 possct;
604 868 746 929 dictatore
765 886 839 946 opus
854 888 918 930 esse
935 871 981 930 rei
997 868 1148 948 publicae,

186 962 220 1015 ut
233 955 329 1031 quise
343 954 468 1013 moverit
481 953 517 1012 ad
532 949 749 1014 sollicitandum
764 957 871 1014 statum
887 955 1024 1024 civitatis,
1040 953 1149 1016 sentiat

187 1040 251 1100 sine
267 1037 477 1114 provocatione
491 1035 666 1096 dictaturam
680 1053 756 1096 osse.

154 1137 169 1189 1
249 1120 325 1182 xxi.
355 1121 479 1181 Senatus
499 1121 531 1180 in
547 1117 690 1198 Capitolio
708 1125 779 1180 erat.
813 1137 849 1180 eo
869 1117 982 1180 tribuni
994 1136 1061 1180 oum
1076 1136 1148 1197 per·

187 1203 304 1266 turbata
324 1201 413 1283 plebe
438 1205 567 1264 vomunt
601 1202 757 1264 multitudo
779 1201 908 1266 clamore
930 1204 1044 1280 ingenti
1065 1219 1148 1264 nuno

188 1287 358 1360 consulum,
381 1304 461 1348 nunc
478 1294 596 1366 patrum
607 1286 697 1348 tidem
711 1285 875 1365 inplorant,
890 1303 947 1348 noc
962 1293 1030 1348 anta
1047 1304 1148 1348 more·

187 1379 258 1434 runt
273 1367 309 1432 da
321 1372 467 1432 sententia
478 1369 640 1440 consident,
656 1387 744 1447 quam
758 1369 871 1432 tribuni
885 1388 918 1432 se
928 1371 961 1430 in
972 1370 1149 1431 auctoritate

153 1471 170 1520 a
188 1463 305 1534 patrum
320 1455 436 1516 futuros
453 1473 518 1516 esse
534 1452 659 1533 polliciti
675 1461 751 1515 sunt.
774 1461 844 1514 tunc
859 1453 1009 1516 referente
1024 1453 1148 1514 conside

188 1540 225 1602 de
240 1537 430 1598 tribunorum
446 1544 475 1598 et
489 1536 585 1615 plebis
605 1536 760 1616 postulatis
783 1543 902 1599 senatus
915 1535 1049 1600 consulta
1062 1537 1146 1606 tiunt,

188 1637 287 1700 neque
305 1617 419 1682 tribuni
433 1619 530 1698 legem
545 1638 580 1682 eo
595 1637 672 1680 anno
691 1621 818 1692 serrant,
840 1637 939 1699 neque
954 1618 1091 1682 consules
1107 1619 1146 1680 ab

188 1704 263 1766 urbe
281 1707 443 1766 exercitum
465 1704 642 1766 educarent:
663 1706 695 1764 in
708 1703 858 1782 reliquum
871 1706 1058 1783 magistratus
1074 1721 1147 1764 con·

188 1789 297 1849 tinnari
310 1795 339 1848 ct
354 1807 405 1850 eos
420 1787 557 1850 uibunos
570 1788 654 1850 refici
666 1788 799 1850 iudicare
813 1795 948 1852 senatum
963 1795 1067 1850 contra
1081 1805 1147 1850 rem

154 1871 338 1951 apublicam
360 1891 433 1934 esse.
466 1871 603 1934 consedes
625 1872 709 1934 inere
733 1874 764 1932 in
780 1881 898 1952 patrum
911 1879 1071 1952 potestate;
1092 1873 1147 1932 tri·

188 1955 262 2016 launi
289 1953 519 2017 reclamantibus
545 1955 717 2018 consulibus
741 1957 855 2018 refecti.
892 1964 992 2034 patres
1017 1973 1148 2033 quoque,

189 2057 228 2101 ne
244 2038 315 2117 quid
332 2039 472 2102 cederent
485 2038 581 2119 plebi,
595 2047 624 2101 et
639 2042 697 2118 ipsi
706 2039 836 2105 Lucium
851 2037 1020 2110 Quinctium
1038 2056 1146 2102 conen·

154 2121 248 2184 alem
270 2121 452 2184 reficiebant.
489 2122 569 2184 nulla
589 2129 651 2184 toto
669 2140 746 2185 anno
762 2123 965 2185 vehementior
979 2124 1056 2184 actio
1074 2141 1146 2184 con·

189 2204 265 2268 sulis'
285 2207 349 2266 luit.
379 2208 513 2276 „mirer“
534 2207 644 2284 inquit,
666 2208 713 2278 „si
729 2225 803 2268 vana
822 2214 934 2279 vestra,
958 2214 1059 2286 patres
1074 2224 1146 2267 con·

190 2289 302 2367 scripti,
315 2291 473 2351 auctoritas
484 2289 520 2351 ad
531 2289 650 2369 plebem
662 2292 724 2353 esti
734 2309 785 2352 vos
798 2289 917 2353 elevatis
929 2309 1009 2352 earn:
1025 2293 1146 2368 quippe,

190 2375 259 2450 quia
279 2371 365 2452 plebs
388 2381 507 2436 senatus
521 2373 688 2436 consultura
700 2376 732 2436 in
747 2375 954 2436 continuandis
969 2376 1146 2452 magistrati·

155 2462 172 2515 t
189 2455 246 2518 hue
261 2455 353 2527 solvit,
366 2459 424 2535 ipsi
441 2475 559 2536 quoque
573 2457 701 2520 solutum
716 2458 811 2530 vultis,
826 2475 865 2520 ne
879 2459 1037 2521 temeritati
1047 2456 1144 2518 multi-

189 2541 299 2601 tudinis
310 2541 430 2612 ccdatis,
445 2549 594 2619 tamquam
604 2544 635 2603 id
650 2545 689 2604 sit
704 2542 771 2621 plus
786 2545 918 2621 possein
932 2544 1061 2613 einata,
1078 2540 1144 2620 plns

189 2621 314 2685 levitatis
337 2643 371 2684 ac
388 2624 526 2686 licentiae
540 2625 662 2688 habere.
692 2625 784 2688 levius
800 2628 879 2688 enim
894 2627 1056 2704 vaniusque
1073 2643 1143 2704 pro·

155 2706 266 2768 alecto
292 2714 336 2769 est
360 2726 412 2770 sua
433 2708 552 2770 decreta
573 2717 603 2772 et
622 2709 755 2772 consulta
775 2709 881 2772 tollere
904 2726 992 2786 quarn
1009 2709 1143 2770 aliorum.

188 2791 361 2861 imitamini,
377 2798 476 2870 patres
492 2795 668 2873 conscripti,
683 2792 801 2855 turham
817 2793 1028 2865 inconsultam,
1050 2801 1078 2854 et
1091 2794 1144 2870 qui

189 2872 326 2952 exemplo
348 2873 413 2936 aliis
430 2893 494 2938 esse
511 2875 642 2948 debetis,
662 2877 789 2938 aliorum
804 2875 938 2957 exemplo
954 2885 1075 2956 pedone
1090 2895 1143 2954 po·

188 2957 261 3027 tius,
285 2973 374 3034 quarn
395 2957 445 3020 alii
469 2964 566 3022 restro
582 2967 663 3024 recte
679 2961 803 3032 iaciant3
825 2961 895 3023 dum
918 2978 972 3039 ego
990 2979 1029 3022 ne
1046 2963 1145 3022 imiter

187 3039 324 3102 tribunoe
347 3059 403 3104 nec
423 3061 471 3104 mc
487 3051 589 3106 contra
605 3053 725 3107 senatus
740 3044 906 3108 consultum
921 3043 1074 3107 consulem
1095 3061 1143 3104 re·

149 3135 171 3184 ‘7
188 3126 318 3186 nuntiari
332 3128 435 3204 patiar.
468 3134 498 3188 te
514 3146 601 3198 vero,
625 3130 655 3192 C.
671 3129 787 3200 Claudi,
809 3129 964 3199 adhortor,
987 3137 1019 3189 ut
1036 3137 1065 3191 et
1079 3129 1141 3207 ipse

188 3207 332 3288 populum
348 3209 514 3272 Romanurn
529 3211 586 3273 hac
599 3210 719 3274 licentia
733 3231 843 3284 arceas,
860 3220 890 3274 et
906 3212 943 3274 de
957 3229 1006 3273 me
1020 3211 1077 3272 hoc
1088 3209 1141 3272 tibi

188 3292 384 3371 persuadeas,
407 3311 455 3354 mc
477 3297 516 3355 ita
531 3303 739 3374 accepturum,
761 3305 794 3358 ut
809 3313 870 3358 non
884 3296 1030 3358 honorem
1044 3312 1143 3356 meum

188 3391 206 3436 a
226 3380 256 3436 te
269 3375 443 3454 impeditum
463 3377 516 3440 sed
530 3376 656 3456 gloriani
677 3381 770 3462 spreti
791 3381 914 3443 honoris
932 3385 1047 3442 auctam
1068 3379 1142 3440 inri-
