2534 3956
239 198 301 262 330
442 209 537 252 moun
553 209 596 252 vr.
624 207 694 252 cer.
713 199 756 256 18.
784 191 824 270 [o.
840 210 870 251 ιι.
890 211 914 251 c.
931 201 993 268 370]

241 360 363 428 ducem,
388 356 501 420 fenoris
521 357 723 436 exposcam
751 357 907 436 patribus,
925 375 967 418 no
990 374 1052 434 quo
1071 362 1206 418 extasin
1242 375 1243 440 }

240 451 357 504 terrore
381 445 576 512 avocarentur
596 441 689 502 animi
708 439 745 501 ab
767 441 906 502 sanandis
920 440 1092 503 domesticis
1106 441 1207 502 maiis.

206 527 330 604 sigitur
352 543 420 586 cum
442 541 512 604 pars
533 531 659 602 utraque
684 524 782 586 acrior
809 523 958 602 eliquanto
986 529 1091 584 coorta
1114 533 1206 594 esset,

239 612 299 674 iam
312 611 343 670 in
357 609 559 688 propinquum
572 613 722 670 certamen
737 606 839 670 aderat
855 613 885 668 et
895 605 1030 668 Manlius.
1059 605 1208 668 advocata

240 693 361 754 domum
374 690 463 771 plebe
479 708 546 751 cum
560 689 746 769 principibus
766 690 967 752 novandarum
984 706 1091 752 rerum
1109 691 1208 752 inter·
1243 684 1244 732 t

240 776 291 838 diu
307 781 456 854 noctuque
472 773 594 836 consilia
608 775 711 851 agitat,
732 772 850 853 pienior
864 771 1015 850 aliquanto
1031 774 1207 834 animorum

205 873 223 922 t
239 861 428 936 irarumque,
440 874 529 936 quam
540 862 626 918 antea
637 857 742 920 fumat
765 858 841 918 iram
852 856 1029 918 accenderat
1038 857 1208 933 ignominia

238 943 391 1006 recensio
412 941 510 1002 ammo
526 940 563 1000 ad
582 938 791 1001 contumeliam
812 942 984 1020 inexpertc3
1008 941 1139 1019 spiritus
1158 941 1208 1002 da·

238 1025 306 1096 bat,
331 1024 410 1103 quod
425 1041 483 1092 nec
499 1040 588 1085 ausus
606 1029 684 1086 esset
699 1024 780 1085 idem
799 1025 831 1084 in
850 1042 883 1086 se
897 1023 1040 1094 dictator,
1066 1024 1155 1102 quod
1179 1025 1208 1084 in

240 1109 347 1189 Spurio
362 1105 467 1170 Maelio
484 1107 674 1170 Cincinnatus
694 1105 848 1176 Quirrctius
865 1107 1000 1177 iecisset,
1020 1113 1050 1168 et
1067 1107 1208 1168 vinculo·

238 1210 306 1254 rum
320 1209 444 1254 suorum
458 1191 597 1252 invidiam
612 1206 673 1252 non
685 1190 809 1252 dictator
824 1189 912 1251 ruodo
927 1189 1094 1251 abdicando
1109 1190 1208 1252 dicta·
1244 1189 1245 1216 ³

238 1283 336 1336 turem
346 1275 485 1352 fugisset,
505 1273 557 1336 sed
572 1291 611 1335 ne
626 1282 745 1336 senatus
760 1275 879 1352 quidem
887 1274 1033 1335 sustinere
1042 1274 1207 1351 potuisset

205 1373 223 1425 o
239 1358 286 1420 his
300 1357 388 1420 simui
404 1357 523 1418 inflatus
538 1357 789 1436 exacerbatusque
802 1359 861 1418 iam
876 1374 932 1436 per
948 1375 981 1418 se
996 1373 1147 1419 accensos
1163 1359 1207 1417 in·

144 1503 147 1508 ,
239 1441 348 1504 citabat
375 1440 472 1519 plebis
491 1441 620 1502 animm:
652 1458 730 1520 „quo
758 1457 852 1518 usque
879 1441 999 1502 tandem
1024 1440 1207 1518 ignorabitis

239 1528 317 1587 vires
331 1530 458 1594 vestras,
473 1541 546 1602 quas
561 1530 666 1584 natura
683 1541 721 1586 ne
738 1523 842 1586 beluas
859 1524 979 1603 quidem
991 1525 1139 1601 ignorare
1156 1543 1206 1585 vo·

239 1607 312 1669 luiti
340 1612 495 1668 numerate
513 1604 630 1676 saitem,
652 1614 724 1685 quot
740 1608 797 1686 ipsi
818 1609 895 1678 sitis,
919 1613 993 1686 quot
1013 1607 1205 1670 adversarios

203 1691 382 1766 ahaheatis.
419 1691 445 1751 si
472 1688 580 1768 singuli
606 1689 739 1767 singulos
759 1689 929 1767 adgressuri
951 1691 1068 1760 essetis,
1100 1697 1206 1752 tamen
1245 1721 1246 1728 ι

239 1778 337 1838 acrius
351 1773 506 1836 crederem
520 1790 571 1834 vos
585 1791 641 1851 pro
655 1771 792 1836 libertate
806 1791 894 1851 quam
914 1772 981 1836 iilos
995 1791 1051 1852 pro
1066 1773 1204 1834 domina·

238 1859 319 1920 tione
338 1864 510 1919 certaturos.
542 1862 615 1935 quot
629 1857 709 1918 eninr
723 1857 844 1919 clientes
863 1859 943 1918 circa
956 1855 1090 1934 singulos
1105 1857 1120 1918 i
1143 1859 1155 1872 ‘
1182 1858 1188 1872 '

204 1967 220 2018 ς
238 1949 395 2022 patronos,
417 1946 461 2001 tot
482 1957 561 2000 nunc
579 1939 720 2001 adversus
736 1957 829 2001 unum
848 1941 964 2002 hostem
979 1941 1069 2002 eritis.
1102 1949 1203 2004 osten·

239 2026 300 2088 dite
314 2025 403 2086 modo
418 2023 545 2086 bellum:
572 2041 677 2103 pacem
691 2022 846 2086 habebitis.
876 2023 993 2086 rideant
1011 2041 1063 2084 vos
1079 2033 1203 2102 paratos

239 2109 277 2171 ad
293 2110 366 2168 vim:
389 2108 437 2168 ius
451 2108 508 2186 ipsi
522 2109 683 2169 remittent.
711 2107 879 2169 audendum
895 2115 941 2170 est
954 2106 1064 2186 aliquid
1079 2109 1202 2170 univer·

238 2194 295 2263 sis,
315 2197 366 2251 aut
382 2191 480 2250 omnia
500 2189 623 2266 singulis
643 2191 789 2268 patienda.
824 2209 883 2269 quo
900 2208 994 2269 usque
1007 2209 1056 2252 me
1071 2192 1202 2252 circum·
1246 2217 1247 2220 ¹

197 2287 220 2350 n
237 2273 426 2355 spectabitis?
456 2287 511 2348 ego
528 2272 647 2349 quidem
661 2273 736 2334 nulii
752 2281 881 2336 vestrum
898 2274 1005 2336 deero:
1025 2291 1063 2334 ne
1079 2274 1203 2336 fortuna

237 2375 303 2418 mea
319 2355 409 2424 desit,
428 2355 531 2416 videte.
560 2357 625 2433 ipse
642 2357 749 2418 vindex
765 2365 878 2428 vester,
895 2356 949 2418 ubi
961 2358 1056 2418 visum
1071 2359 1204 2418 inimicis

239 2447 297 2510 est,
315 2437 415 2500 nulius
430 2445 553 2516 repente
567 2439 627 2508 iui;
643 2447 674 2500 et
685 2440 795 2502 vidistis
810 2443 842 2500 in
853 2439 969 2502 vincula
983 2440 1052 2501 duci
1066 2441 1203 2502 urdversi

201 2535 220 2586 9
238 2541 324 2593 eum,
348 2523 398 2599 qni
416 2539 433 2583 a
449 2521 571 2600 singulis
589 2522 672 2584 vobis
686 2522 802 2584 vincula
822 2523 1004 2602 depulerem.
1037 2523 1111 2600 quid
1132 2541 1203 2602 spe-

237 2624 317 2676 rem,
334 2606 360 2666 si
374 2605 442 2684 plus
458 2607 490 2664 in
500 2623 549 2668 me
560 2606 686 2666 audeant
697 2606 827 2667 inimicit
853 2624 892 2666 an
903 2607 1014 2668 exitum
1027 2607 1109 2669 Cassi
1119 2606 1203 2668 Mae·

237 2688 329 2768 liique
356 2689 528 2769 expectem?
559 2687 636 2750 bene
665 2689 776 2760 facitis,
801 2690 880 2767 quod
901 2688 1130 2758 abominamini:
1162 2691 1204 2752 dii

236 2770 441 2852 prohibebunt
459 2771 548 2833 haec:
582 2772 634 2832 sed
656 2790 817 2852 numquam
839 2780 961 2853 propter
984 2791 1033 2835 me
1055 2774 1093 2834 de
1114 2774 1203 2836 caelo

237 2856 428 2928 descendent.
456 2854 539 2916 vobis
559 2855 631 2916 dent
646 2867 777 2918 mentem
797 2863 929 2936 oportet,
951 2863 984 2917 ut
1002 2856 1203 2936 prohibeatis,

237 2942 315 3000 sicut
329 2939 403 2998 mihi
417 2937 563 2999 dederunt
577 2945 689 3000 armato
704 2946 880 3018 togatoque,
901 2945 935 3000 ut
957 2957 1009 3002 ros
1028 2938 1203 3002 abarbaris

188 3037 220 3090 ιο
237 3020 389 3092 hostibus,
405 3020 570 3100 asuperbis
583 3021 772 3084 defenderem
787 3023 908 3084 civibus.
938 3031 998 3085 tam
1011 3041 1121 3102 parvus
1136 3027 1203 3085 ani·

237 3124 304 3168 mus
317 3106 393 3166 tanti
406 3104 508 3184 populi
525 3111 584 3175 est,
605 3111 638 3166 nt
658 3124 776 3185 semper
791 3107 873 3168 rolris
891 3106 1034 3168 auxilium
1054 3107 1202 3170 adversus

237 3191 373 3252 inimicos
391 3189 461 3250 satis
474 3189 527 3259 sit,
547 3207 603 3252 nec
624 3187 732 3260 ullum,
753 3191 810 3252 nisi
830 3198 974 3268 quatenus
988 3191 1135 3270 imperari
1151 3209 1201 3252 ro·

237 3273 284 3334 bis
304 3274 423 3343 sinatis,
452 3279 602 3334 certamen
623 3272 763 3336 adversus
783 3281 882 3352 patres
901 3274 1025 3336 noritur
1061 3292 1120 3336 nec
1141 3275 1201 3336 hoc

188 3373 217 3426 u
236 3363 343 3418 natura
357 3357 478 3418 insitum
494 3356 577 3419 vobis
591 3364 647 3426 est,
671 3356 723 3418 sed
741 3376 797 3418 usu
817 3357 1018 3437 possidemini
1047 3376 1102 3420 cur
1116 3363 1203 3420 enim

238 3439 379 3501 adversus
394 3450 531 3503 externos
549 3447 663 3500 tantum
680 3441 847 3503 animorum
863 3443 981 3521 geritis,
1000 3447 1032 3504 ut
1047 3442 1203 3522 imperare
