2572 3956
275 261 372 304 amur
386 261 421 304 n.
447 261 517 304 oar.
532 256 576 308 50.
592 257 637 308 51.
661 241 700 326 [a.
718 245 774 308 Oh.
790 247 919 331 rra-476]
971 257 975 264 '
1016 257 1078 320 113

117 411 181 473 bat.
209 418 271 472 tum
287 412 395 474 omissa
411 429 525 492 pugna,
541 431 630 492 quam
644 415 675 474 in
690 432 793 490 omnes
806 417 899 495 partis
914 435 1018 498 parem
1031 420 1077 479 in·
1094 429 1112 482 u

118 495 293 566 tenderent,
313 497 457 557 inunum
478 496 579 559 locum
598 517 630 559 se
652 515 755 562 omues
776 497 928 562 inclinant.
961 520 996 562 eo
1020 502 1078 562 nisi

121 578 299 658 corporibus
315 581 463 658 armisque
475 593 586 660 rupere
601 599 696 643 cuneo
710 583 796 645 viam.
824 583 906 650 duxit
916 585 961 645 ria
971 586 1003 644 in
1016 586 1077 646 edi·
1097 594 1128 650 lu
1177 632 1178 640 .

118 669 183 722 tum
210 661 318 724 leniter
335 662 450 724 collem.
489 664 560 726 inde
578 665 675 744 primo
694 667 847 734 restitere:
866 685 951 737 mox,
976 675 1009 727 ut
1027 685 1076 730 re·

119 745 253 828 spirandi
267 749 405 825 superior
418 744 502 806 locus
518 749 645 824 spatium
660 749 740 806 dedit
752 743 976 830 recipiendique
992 771 1008 811 a
1024 770 1076 830 pa·

118 846 190 889 rore
201 835 281 889 tanto
293 830 432 899 animum,
443 827 587 908 pepulere
595 830 683 890 etiam
694 828 1076 912 subeuntos;vincebatque

118 905 229 972 auxilio
241 911 300 972 loci
313 914 462 991 paucitas,
483 913 515 970 ni
529 913 599 992 iugo
615 913 835 976 circummissus
845 915 951 977 Veiens
963 915 994 976 in
1009 935 1075 980 rer-

117 997 207 1056 ticem
229 995 312 1056 collis
335 995 481 1057 evasisset.
518 995 558 1054 ita
578 997 714 1074 superior
737 1015 843 1061 rursus
859 997 953 1061 hostis
970 1001 1074 1062 lactus.

117 1077 203 1139 Fabii
219 1080 298 1140 caesi
311 1079 348 1137 ad
364 1094 458 1137 unum
473 1094 584 1148 omnes,
608 1079 848 1160 praesidiumque
867 1091 1074 1160 expugnatum.
1095 1095 1125 1148 lt

117 1168 266 1222 trecentos
279 1178 331 1221 sex
345 1161 459 1239 perisse
470 1161 540 1222 satis
558 1163 701 1231 convenit,
717 1179 809 1223 unum
820 1181 916 1244 prope
930 1164 1076 1244 puberem

117 1251 212 1306 aetate
227 1243 379 1313 relictum,
394 1245 517 1324 stirpem
531 1245 611 1320 genti
622 1243 731 1306 Fabiae
745 1244 902 1326 dubiisque
914 1248 1007 1308 rebus
1020 1267 1074 1328 po·

115 1327 181 1408 puli
195 1325 320 1388 Romani
341 1344 430 1406 saepe
446 1325 526 1388 domi
547 1325 678 1405 bellique
692 1326 738 1388 rel
760 1329 920 1390 maximum
943 1331 1075 1394 rutarum

116 1411 269 1472 auxilium.

41 1497 42 1500 ’
181 1493 226 1554 Ll.
252 1493 325 1555 Cum
346 1493 422 1554 haec
437 1500 557 1572 accepta
572 1493 671 1556 clades
688 1502 746 1565 est,
767 1496 827 1555 lam
845 1495 875 1557 C.
891 1495 1031 1558 Horatius
1046 1506 1075 1560 et
1093 1509 1107 1561 1

115 1577 150 1638 T.
166 1577 320 1638 Menenius
340 1575 476 1638 consules
494 1584 587 1638 erant.
625 1577 779 1640 Menenius
800 1578 941 1641 adversus
962 1581 1074 1642 Tuscos

114 1661 237 1721 victoria
260 1660 352 1722 elatos
375 1659 532 1721 confestim
552 1661 669 1722 missus.
695 1667 759 1722 tum
780 1678 899 1740 quoque
923 1661 999 1724 male
1018 1679 1107 1742 pu·2

115 1751 235 1824 gnatum
254 1751 297 1805 est
298 1789 314 1822 a
337 1751 366 1804 et
385 1742 549 1804 Ianiculum
563 1742 664 1806 hostes
679 1761 876 1823 occupavere;
894 1745 1073 1824 obsessaque

115 1827 188 1890 urbs
204 1829 281 1892 foret
294 1843 385 1904 super
405 1823 517 1887 bellum
532 1843 649 1886 annona
669 1834 824 1905 premente
840 1862 875 1873 —
894 1831 1074 1890 transierant

114 1913 195 1974 enim
210 1911 327 1972 Etrusci
342 1909 474 1970 Tiberim
497 1941 552 1980 -‚
574 1911 606 1969 ni
628 1909 767 1972 Horatius
779 1910 883 1972 consul
903 1931 939 1973 ex
959 1911 1072 1973 Vulscis

114 2003 193 2058 esset
206 2001 374 2055 revocatus:
397 1991 530 2071 adeoque
551 1991 582 2054 id
603 1991 716 2074 bellum
735 1994 809 2072 ipsis
831 1995 936 2055 institit
959 1996 1071 2056 moeni·

112 2077 186 2149 bus,
201 2086 235 2139 ut
248 2079 345 2156 primo
361 2083 524 2156 pugnatum
539 2075 576 2137 ad
591 2077 661 2155 Spei
675 2077 713 2137 sit
727 2095 822 2155 aequo
837 2077 945 2148 Marte,
963 2079 1071 2139 iterum

74 2155 81 2171 ’
113 2163 151 2226 ad
173 2169 290 2242 portam
305 2159 458 2222 Collinam.
489 2158 532 2219 ibi
547 2177 726 2240 quamquam
746 2157 838 2239 par‘vo
857 2169 1106 2225 momentosas

112 2249 215 2326 perior
229 2245 361 2306 Romana
374 2262 425 2306 res
442 2243 510 2314 luit,
525 2243 679 2305 meliorem
693 2251 793 2306 tamen
813 2244 935 2306 militem
949 2247 1070 2323 recepto

110 2331 238 2409 pristino
255 2330 354 2389 animo
367 2329 398 2389 in
413 2327 512 2388 sutura
527 2327 642 2406 proelia
656 2326 688 2388 id
703 2335 853 2389 certamen
869 2329 947 2390 lecit.

175 2414 208 2475 Α.
224 2412 381 2491 Verginius
397 2417 427 2473 et
444 2411 494 2489 Sp.
512 2410 654 2473 Servilius
669 2410 808 2472 consules
823 2412 906 2471 liunt.
938 2421 1006 2490 post
1021 2432 1069 2472 ac·
1088 2427 1104 2473 4

111 2505 230 2576 ceptam
243 2495 408 2576 proximam
420 2509 539 2575 pugnae
547 2493 661 2556 cladem
671 2494 808 2556 Veientes
819 2492 989 2556 abstinuere
995 2497 1069 2556 acie.

113 2580 319 2662 populationes
331 2585 430 2648 erant,
447 2584 476 2638 et
489 2575 568 2638 velut
583 2576 620 2638 ab
633 2594 702 2638 arce
715 2576 838 2636 Ianiculi
849 2577 960 2655 passim
970 2579 1002 2637 in
1010 2578 1070 2638 llo·

112 2681 234 2725 manum
250 2680 354 2742 agrum
367 2663 496 2742 impetus
511 2659 629 2722 dabant.
659 2677 719 2720 non
734 2677 860 2738 usquam
871 2677 981 2738 pecora
997 2667 1069 2731 tuta,

110 2764 174 2808 nou
190 2754 320 2824 agrestes
344 2752 437 2807 erant.
468 2744 547 2822 eapti
569 2744 675 2809 deinde
695 2744 798 2806 eadem
820 2749 884 2804 arte
907 2751 991 2814 sunt,
1012 2755 1104 2822 quas

112 2837 255 2912 ceperant
273 2827 390 2890 Fabios.
423 2829 517 2889 secuti
537 2826 634 2889 dedita
657 2845 749 2906 opera
771 2828 881 2906 passim
902 2826 939 2888 ad
959 2826 1069 2888 inlece-

111 2914 183 2975 bras
197 2913 339 2994 propulsa
350 2927 459 2991 pecora
476 2912 707 2990 praecipitavere
723 2912 754 2970 in
771 2911 902 2972 insidias.
929 2929 988 2989 quo
1004 2910 1069 2989 plu·

111 3015 162 3060 res
176 3005 268 3065 erant,
281 2995 376 3056 maior
392 2994 497 3056 caedes
509 2995 572 3055 lull.
601 3013 637 3055 ex
648 2995 704 3055 hac
719 2994 804 3056 clade
819 3002 903 3055 atrox
917 2995 963 3056 ira
977 2997 1069 3054 maio·
1088 3002 1104 3051 o

111 3083 154 3142 ris
176 3079 268 3141 cladis
285 3097 373 3140 causa
388 3084 476 3157 atque
501 3077 618 3137 initium
637 3079 701 3138 luit.
735 3079 859 3139 traiecto
881 3079 959 3138 enim
981 3085 1070 3136 nocte

111 3164 214 3226 Tiberi
230 3171 327 3225 castra
338 3161 444 3224 Servili
455 3160 585 3222 consulis
598 3159 694 3221 adorti
704 3169 773 3221 sunt
786 3177 970 3239 oppugnare.
999 3159 1069 3221 inde

111 3247 170 3310 lusi
192 3265 299 3325 magna
321 3247 412 3308 caede
434 3245 465 3305 in
481 3241 645 3304 Ianiculum
660 3261 693 3304 se
708 3261 797 3322 aegre
811 3261 963 3322 recepere.
997 3260 1069 3302 con·
1086 3255 1104 3303 r

112 3332 209 3392 festim
227 3329 331 3392 consul
347 3337 376 3391 et
389 3330 454 3409 ipse
467 3328 574 3388 transit
587 3325 735 3397 Tiberim,
752 3325 848 3388 castra
863 3325 918 3387 sub
937 3325 1068 3388 laniculo

112 3416 284 3475 communit.
315 3421 434 3492 postero
450 3411 497 3473 dle
510 3411 579 3472 luce
594 3417 659 3470 orta
672 3409 808 3472 nonnihil
824 3419 853 3473 et
872 3409 1011 3472 besterna
1026 3410 1068 3470 fe-

109 3497 223 3558 licitate
237 3513 354 3576 pugnae
369 3498 468 3564 ferox,
489 3495 583 3572 magis
596 3500 695 3556 tamen
709 3494 789 3572 quod
809 3494 909 3572 inopia
928 3492 1069 3554 frumenti

147 3610 173 3644 T.
187 3611 249 3645 ΜΠ
260 3610 329 3646 PARS
343 3612 361 3645 l.
864 3581 882 3641 8
