2572 3956
322 229 419 272 niens
435 229 483 272 111.
507 229 579 274 car.
595 222 638 278 18.
654 223 697 277 19.
724 211 763 295 [a.
782 212 817 276 0.
832 211 895 296 460]
1028 220 1089 282 143

136 396 228 458 opere
239 386 355 448 censet,
370 395 411 440 ne
419 385 591 458 expectent,
607 379 677 442 dum
691 378 728 440 ab
742 379 836 442 Roma
850 379 939 459 legati
952 381 1092 442 auxilium
1108 395 1125 450 a

134 468 268 606 petentes
278 463 412 523 veniant:
428 463 595 541 periculum
608 465 705 542 ipsum
719 464 937 542 discrimenque
948 484 982 526 ac
996 467 1091 526 socia·

148 565 179 608 es
203 545 273 608 deos
293 546 441 623 fidemque
460 546 614 611 foederum
633 547 665 608 id
688 565 821 625 poscere.
852 547 1023 610 demerendi
1038 547 1090 610 be·

134 630 319 692 neruoram
340 635 508 708 potentem,
537 637 597 690 tam
619 633 817 709 propinquam
840 633 987 696 civitatem
1005 649 1091 694 num·

135 729 222 790 quam
236 731 341 792 parem
357 714 544 776 occasionem
561 713 681 776 daturos
697 714 777 776 deos.
810 715 909 793 placet
921 715 995 778 ierri
1010 717 1092 776 auxi·
1109 719 1127 769 4

133 796 222 867 lium,
237 798 372 859 iuventus
387 795 598 867 conscribitur,
615 815 695 860 arma
711 797 826 858 dantur.
857 799 981 862 Romam
995 801 1091 878 prima

133 879 201 941 lnce
214 882 364 942 venientes
379 879 484 958 procul
498 881 628 958 speeiem
641 879 770 943 hostium
784 881 965 959 praebuere:
996 877 1093 959 Aequi

135 971 185 1024 aut
194 961 293 1024 Volsci
307 964 409 1030 venire
418 963 559 1028 visisunt.
590 963 712 1034 deinde,
729 963 783 1028 ubi
795 983 886 1028 vanus
896 973 995 1028 terror
1010 964 1090 1037 abiit,

7 1105 18 1130 ι
134 1050 248 1125 accepti
263 1048 295 1108 in
318 1045 424 1108 urbem
443 1049 560 1124 agmine
583 1047 729 1111 indorum
749 1048 939 1112 descendunt.
969 1049 1013 1111 ibi
1032 1051 1125 1110 lamb

135 1131 166 1192 P.
179 1128 317 1193 Valerius
336 1129 439 1191 relicto
454 1130 491 1192 ad
502 1137 657 1208 portarum
672 1131 818 1209 praesidia
834 1131 947 1210 collega
962 1135 1091 1194 instrue·

132 1213 184 1274 bat
207 1215 311 1276 aciem.
340 1215 498 1279 auctoritas
518 1215 573 1276 riri
594 1221 726 1277 morerat
747 1215 928 1278 adfirmantis
948 1214 1090 1295 Capitolio
1108 1225 1125 1276 o

132 1303 309 1374 recuperato
331 1304 360 1360 et
385 1296 460 1360 urbe
488 1303 592 1375 pacata
618 1298 643 1360 si
671 1296 790 1362 edoceri
811 1317 843 1360 se
868 1299 990 1369 sissent,
1016 1316 1091 1376 quae

132 1381 214 1444 naus
236 1379 278 1444 ab,
295 1379 423 1444 tribunis
438 1380 554 1447 occulta
577 1382 608 1442 in
624 1379 692 1460 lege
714 1381 858 1452 ferretur,
882 1399 1045 1447 memorem
1059 1401 1092 1444 se

132 1465 278 1526 maiorum
293 1482 429 1536 suorum.
445 1482 608 1530 numitorem
623 1466 823 1543 cognominis,
837 1466 916 1544 quod
927 1464 1091 1545 populizco·

133 1546 214 1609 lendi
230 1547 308 1610 velet
323 1545 502 1622 hereditaria
518 1567 590 1618 eura
603 1547 662 1612 sibi
676 1568 692 1610 a
706 1547 869 1612 maioribus
882 1551 988 1614 tradita
1003 1556 1090 1620 esset,

134 1629 294 1694 concilium
319 1630 415 1712 plebis
442 1648 503 1694 non
527 1632 736 1712 mpeditnrum.
772 1632 853 1696 bunc
872 1633 978 1696 ducem
998 1635 1125 1694 secutio

132 1716 313 1792 nequiquam
328 1714 557 1779 reclamantibus
573 1715 699 1781 tribunis
718 1718 750 1776 in
772 1715 880 1778 cliuum
894 1716 1090 1796 Capitolinum

134 1801 254 1876 erigunt
263 1801 369 1861 aciem.
396 1799 566 1878 adiungitur
578 1807 607 1861 et
620 1799 786 1864 Tusculana
797 1800 885 1880 legio.
912 1807 1027 1863 certare
1043 1819 1089 1862 so·

132 1883 171 1942 cii
190 1885 342 1960 civesque,
364 1884 424 1944 utri
437 1890 630 1962 recuperatae
647 1885 725 1946 arcis
737 1901 825 1946 suum
841 1884 932 1946 decus
947 1883 1089 1947 iacerent.

133 1966 191 2028 dux
212 1974 338 2044 uterque
359 1985 429 2028 snos
446 1966 627 2030 adhortatur.
655 1967 810 2046 trepidare
826 1974 889 2031 tum
911 1967 1012 2030 hostes
1034 1983 1124 2034 nece

131 2048 185 2110 ulli
199 2051 269 2111 satis
281 2051 327 2111 rei
340 2055 549 2129 praeterquam
568 2048 634 2111 loco
648 2049 753 2114 ¹tidem.
783 2050 999 2128 trepidantibus
1014 2051 1061 2113 ini
1078 2083 1089 2098 ·

131 2140 203 2194 runt
213 2135 296 2211 signa
311 2133 436 2199 Romani
451 2135 592 2212 sociique.
620 2135 726 2196 iamin
748 2133 925 2198 uestibulum
944 2153 1089 2214 perrupe-

131 2223 199 2277 rant
208 2215 325 2295 templi,
341 2235 408 2278 cum
423 2217 455 2278 P.
469 2217 603 2284 Valerius
614 2219 693 2280 inter
708 2220 854 2297 primores
867 2235 996 2298 pugnam
1008 2220 1090 2280 ciens

131 2300 317 2362 interticbur.
350 2301 383 2362 Ρ.
399 2299 572 2364 Volumnius
593 2301 757 2365 consularis
777 2287 849 2366 lieu
871 2303 1033 2366 cadentem.
1064 2304 1124 2366 ise

131 2384 198 2444 dato
218 2384 338 2462 negotio
362 2385 439 2454 suis,
461 2390 494 2445 ut
514 2402 623 2462 corpus
644 2384 832 2464 obtegerent,
852 2387 917 2464 ipse
937 2388 969 2448 in
989 2386 1089 2447 locum

129 2469 283 2545 vicemque
300 2467 430 2531 consulis
445 2467 589 2546 provolat
620 2487 693 2547 prae
708 2469 816 2533 ardore
833 2470 1004 2547 impetuque
1025 2477 1088 2531 tan·

131 2559 178 2612 tae
191 2553 237 2612 rei
247 2569 355 2618 sensus
369 2569 430 2612 non
442 2553 577 2630 pervenit
590 2551 628 2614 nd
642 2552 781 2622 militem
799 2554 886 2631 prius
901 2553 984 2623 vicit,
1001 2559 1088 2630 quam

131 2653 165 2696 se
187 2652 321 2714 pugnare
342 2637 406 2697 sine
426 2635 501 2701 dune
516 2636 648 2699 sentiret.
682 2634 766 2697 multi
787 2633 905 2703 exulum
926 2636 1017 2701 caede
1036 2653 1089 2697 sua
1107 2648 1140 2702 10

130 2717 286 2781 foedavere
306 2717 462 2798 templum,
484 2718 569 2780 multi
588 2721 644 2780 vivi
664 2721 756 2798 capti,
775 2719 946 2784 Herdonius
965 2719 1087 2780 interie-

131 2808 204 2864 ctus.
235 2803 276 2863 ita
288 2802 692 2882 Capitoliumrecnperatum.
718 2804 754 2865 de
766 2805 903 2883 captivis,
919 2805 1088 2881 utquisque

130 2883 207 2946 liber
224 2894 275 2946 aut
284 2905 387 2960 servus
408 2893 499 2956 esset,
522 2904 593 2948 suae
612 2887 749 2950 iortmme
767 2905 918 2966 equoque
938 2891 1088 2967 sumptum

111 2997 115 3000 ·
131 2967 308 3044 supplicium
320 2978 377 3040 est;
393 2969 567 3044 Tusculanis
581 2973 692 3048 gratiae
707 2979 805 3042 actae;
821 2969 995 3050 Capitolium
1014 2988 1086 3049 pur·

5 3055 8 3084 ¹
129 3056 231 3128 gotum
247 3057 334 3130 etque
351 3051 516 3116 lustratum.
544 3054 577 3118 in
600 3054 730 3118 consulis
751 3057 871 3119 domum
891 3053 995 3133 plebes
1015 3071 1085 3131 qua·
1106 3059 1132 3110 11

128 3135 265 3206 drantes,
285 3141 318 3196 ut
332 3135 437 3199 funere
448 3137 592 3216 ampliore
604 3137 774 3210 efferretur,
790 3140 912 3201 iactasse
929 3137 1033 3199 fertur.
1110 3167 1115 3182 1

188 3217 263 3282 XIX.
295 3219 382 3281 Parta
394 3237 469 3299 pace
484 3222 595 3284 instare
610 3228 672 3283 tum
687 3221 801 3286 tribuni
815 3220 964 3301 patribus,
981 3227 1014 3280 ut
1027 3221 1084 3282 Pu·
1104 3227 1117 3278 1

128 3301 171 3362 nli
184 3301 283 3366 Valeri
297 3303 385 3376 tidem
401 3302 600 3376 exsolverent,
621 3307 732 3368 instare
747 3305 883 3374 Claudio,
899 3310 938 3366 ut
954 3303 1084 3382 collegae

128 3385 200 3451 deos
215 3405 317 3456 manes
332 3387 436 3450 fraude
454 3386 609 3461 liberaret,
631 3391 678 3468 agi
693 3390 730 3452 de
743 3389 809 3468 lege
830 3390 949 3452 sineret.
981 3387 1084 3467 consul

26 3509 31 3514 -
128 3477 285 3551 antequam
316 3469 458 3552 collegam
487 3471 545 3535 sibi
578 3472 767 3552 subrogasset
790 3491 900 3552 negare
926 3489 1082 3552 passurum
