2580 3954
368 192 464 234 ursus
479 191 520 233 ιν.
546 189 616 233 cnr.
634 184 659 238 3.
683 171 722 254 [a.
740 173 775 234 O.
791 172 853 255 445]
1033 178 1093 242 199

135 345 186 405 uia
207 342 356 411 tiveretis,
379 358 468 419 saepe
491 339 627 418 equidem
650 347 679 401 et
702 349 769 402 ante
788 341 889 402 u'deor
910 343 1092 412 mtirrradver-

135 429 222 497 tisse,
244 443 324 487 nuno
346 431 446 485 tamen
467 425 608 494 maxime,
635 423 715 503 quod
742 403 815 486 adeo
842 431 958 498 atroces
985 429 1017 486 in
1040 425 1093 488 has

136 511 308 590 rogationes
328 515 444 570 nostras
464 510 559 569 coorti
584 513 666 579 sunt,
691 507 799 586 quibus
820 509 891 588 quid
913 509 992 571 aliud
1006 526 1129 590 quams

134 596 329 657 admonemus
348 594 426 654 cives
442 609 615 654 noseorum
632 611 711 662 esse,
727 599 757 654 et
771 594 796 654 si
810 611 871 652 non
889 593 1006 656 easdem
1022 611 1094 672 opes

135 677 263 747 lraherc,
276 678 399 740 eandem
412 685 510 737 tamen
521 677 647 755 patriam
658 675 808 738 incolere?
829 675 922 738 altera
934 676 1094 738 conubium
1113 691 1127 738 t

137 764 280 841 petimus,
297 761 375 840 quod
387 761 528 820 finitumis
543 761 730 838 externisque
746 760 810 820 dari
824 759 900 822 solet
914 796 949 805 -
964 781 1019 822 nos
1030 761 1094 838 qui-

134 846 204 907 dem
221 847 392 915 civitatem,
405 862 480 922 quae
502 842 569 922 plus
589 862 676 922 quam
701 842 862 905 conubium
880 851 939 915 est,
960 844 1096 906 hostibus

135 931 224 991 etiam
242 929 325 989 victis
340 927 474 990 dedimus
492 947 540 986 -ε
558 926 650 988 altera
664 926 738 988 nihil
754 927 822 989 novi
837 927 975 1001 ierimus,
997 929 1049 990 sed
1065 927 1095 988 id
1113 935 1128 983 5

91 1011 98 1017 '
133 1013 215 1093 quod
233 1011 335 1090 popuii
358 1019 402 1072 est
426 1012 589 1089 repetimus
609 1018 696 1090 atque
717 1030 910 1090 usurpamus,
932 1020 965 1074 ut
988 1011 1095 1091 quihus

135 1096 205 1159 velit
219 1094 347 1174 populus
361 1095 513 1155 Romanus
528 1094 658 1155 honores
673 1095 800 1156 mandet.
834 1097 903 1174 quid
921 1095 1040 1158 tandem
1052 1105 1096 1157 est
1113 1103 1129 1152 o

92 1197 97 1206 ·
133 1199 190 1242 cur
205 1179 321 1240 caelum
337 1199 370 1240 ac
384 1185 479 1240 terras
496 1179 654 1247 misceant,
671 1197 725 1239 cur
747 1180 778 1238 in
796 1197 845 1240 me
858 1181 986 1258 impetus
1006 1180 1094 1240 modo

134 1282 230 1346 paene
252 1265 283 1323 in
305 1270 410 1324 senatu
432 1263 470 1322 sit
484 1262 594 1330 lactus,
618 1268 728 1340 negent
749 1281 781 1324 se
797 1261 933 1324 manibus
949 1271 1095 1341 tempera·

134 1355 219 1409 turos
237 1344 455 1424 dolaturas-quo
473 1345 649 1406 denuntient
668 1352 886 1408 sacrosanctam
901 1346 1095 1426 potestatem?

134 1434 161 1494 si
180 1429 290 1510 populo
306 1431 439 1490 Romano
463 1428 591 1490 liberum
613 1430 786 1508 suffragium
808 1431 910 1500 datur,
935 1438 967 1491 ut
988 1429 1127 1509 quibust

135 1515 205 1578 velit
219 1513 404 1575 consulatum
419 1514 554 1582 mandet,
573 1520 602 1574 et
616 1531 676 1574 non
699 1512 881 1594 praeciditur
895 1533 963 1594 spes
978 1513 1095 1592 plebeio

34 1637 46 1649 ι
133 1617 268 1678 quoque,
286 1599 311 1660 si
325 1598 435 1676 dignus
453 1615 568 1658 summo
590 1596 705 1658 honore
726 1599 799 1667 erit,
823 1598 975 1676 apiscendi
989 1599 1096 1658 summi

135 1683 271 1752 lionoris,
293 1689 373 1743 stare
391 1680 463 1742 urbs
477 1679 551 1741 haec
567 1698 628 1740 non
645 1681 771 1759 poteriti
785 1675 787 1678 ’
800 1681 837 1743 de
855 1683 980 1759 imperio
997 1687 1096 1742 actum

134 1768 198 1828 esti
230 1773 259 1827 et
272 1766 396 1844 perinde
419 1765 476 1825 hoc
496 1763 573 1825 valet
587 1763 743 1842 „plebeius
764 1783 802 1826 ne
818 1763 922 1826 consul
936 1765 1006 1826 fiat“
1022 1771 1094 1824 tam·

135 1869 225 1929 quam
245 1868 363 1912 servum
384 1857 434 1910 aut
455 1847 627 1908 libertinum
651 1847 757 1926 aliquis
784 1847 937 1910 consulem
963 1848 1095 1909 futurum

134 1935 235 1996 dicati
264 1933 370 2012 ecquid
388 1933 520 2002 sentitis,
545 1933 577 1990 in
595 1938 705 2009 quanto
721 1938 894 2011 contemptu
910 1933 1028 1994 vivatis?
1051 1930 1095 1991 lu·
1114 1939 1129 1988 8

134 2021 179 2080 cis
194 2017 276 2078 vohis
292 2017 379 2078 huius
396 2024 528 2095 partem,
542 2016 568 2077 si
584 2013 686 2085 liceat,
703 2016 841 2077 adimant.
873 2016 952 2094 quod
966 2015 1095 2095 spiratis,

136 2101 216 2180 quod
228 2119 331 2163 vocem
344 2101 475 2171 mittitis,
499 2099 578 2178 quod
599 2098 709 2161 formas
726 2099 880 2160 hominum
895 2099 1025 2171 hahetis,
1051 2100 1095 2160 in·

135 2186 309 2263 dignantur,
325 2187 396 2263 quin
415 2186 518 2254 etiam,
533 2184 618 2246 sidia
633 2183 744 2262 placet,
761 2185 844 2247 nelas
854 2185 937 2244 aiunt
949 2203 1012 2246 esse
1025 2200 1095 2244 con-

134 2269 231 2332 sulem
242 2269 392 2348 plebeium
407 2269 481 2329 lieri.
514 2267 640 2330 obsecro
655 2287 719 2339 vos,
743 2269 844 2329 sinon
861 2267 897 2330 ad
911 2267 1020 2338 fastos,
1037 2284 1097 2328 nou
1114 2277 1130 2328 a

136 2353 174 2415 ad
194 2354 423 2414 commentarios
443 2352 617 2432 pontificum
640 2351 836 2422 admittimur,
862 2370 900 2413 ne
923 2370 958 2413 ea
978 2351 1097 2430 quidem

134 2439 260 2507 scimus,
282 2454 357 2515 quae
375 2455 478 2498 omnes
493 2436 645 2514 peregrini
667 2436 754 2497 etiam
769 2436 883 2506 sciunt,
908 2433 1045 2496 consules
1065 2435 1096 2494 in

136 2521 235 2582 iocum
256 2537 360 2598 regum
385 2520 577 2590 successisse,
604 2537 660 2581 nec
687 2524 737 2580 aut
760 2519 834 2579 iuris
861 2524 911 2579 aut
937 2517 1097 2578 maiestatis

135 2607 295 2684 quicquam
311 2602 437 2674 hahere,
459 2603 538 2682 quod
562 2620 623 2664 nou
644 2603 675 2663 in
698 2601 820 2680 regibus
840 2608 907 2664 ante
924 2601 1033 2663 lueriti
1060 2619 1097 2662 en
1120 2616 1151 2667 lo

135 2706 277 2766 umquam
297 2689 417 2750 creditis
432 2687 521 2748 lando
538 2687 671 2748 auditum
686 2706 766 2758 esse,
783 2684 908 2747 Numam
919 2684 1098 2763 Pompilium

135 2791 196 2834 non
211 2772 299 2833 modo
313 2791 372 2833 non
389 2771 547 2852 patricium
564 2770 615 2832 sed
628 2788 666 2831 ne
679 2771 771 2832 civem
788 2771 907 2849 quidem
921 2769 1096 2837 Romanum,

135 2875 173 2918 ex
189 2854 298 2918 Sabino
315 2873 386 2934 agro
401 2857 544 2926 accitum,
558 2853 662 2935 populi
677 2855 761 2916 iussu
776 2853 910 2934 patribus
926 2851 1098 2914 auctoribus

136 2939 247 3000 Romae
268 2941 429 3016 regnasset
460 2940 492 2999 L.
517 2938 624 3000 deinde
646 2939 840 3016 Tarquinium
864 2956 924 2999 non
948 2936 1098 2998 Romanae
1120 2945 1146 2994 11

138 3022 226 3084 modo
242 3023 294 3084 sed
314 3040 352 3082 ne
375 3023 493 3084 Italicae
513 3022 632 3100 quidem
649 3023 761 3100 gentis,
783 3022 932 3082 Demarati
954 3019 1098 3083 Corinthii

135 3107 245 3176 filium,
268 3104 396 3166 incolam
412 3105 447 3166 ab
463 3105 632 3184 Tarquiniis
645 3107 716 3166 viris
730 3103 833 3166 liberis
848 3105 921 3166 Anci
936 3121 1038 3180 regem
1054 3101 1069 3162 i
1087 3135 1097 3146 ·

137 3191 236 3252 ctumi
261 3190 396 3251 Serrium
415 3189 544 3252 Tullium
565 3189 743 3269 posthunc,
767 3189 880 3266 captiva
903 3185 1098 3249 Corniculana
1119 3201 1149 3251 η

136 3283 254 3345 natum,
277 3279 361 3353 patre
382 3270 463 3335 nullo
479 3281 572 3334 matre
587 3291 686 3343 serra,
707 3273 826 3349 ingenio
844 3273 950 3332 virtute
971 3287 1097 3348 regnum

136 3359 288 3420 tenuissel
326 3359 396 3436 quid
420 3359 499 3420 enim
523 3356 558 3418 de
579 3357 613 3418 T.
637 3357 721 3418 Tatio
743 3355 854 3417 Sabino
874 3356 987 3425 dicam,
1009 3371 1097 3433 quem

136 3443 202 3522 ipso
217 3442 359 3506 Romulus
381 3461 489 3524 parens
512 3439 647 3502 urbisin
669 3441 849 3514 societatem·
866 3441 951 3519 regni
973 3440 1097 3516 accepit.
