2534 3956
200 251 262 314 286
345 265 442 306 crocu
457 264 488 306 v.
512 263 583 306 oar.
598 253 643 310 28.
657 253 700 308 29.
729 241 771 324 le.
785 215 815 302 ιι.
832 263 858 303 e.
874 253 935 309 360.
950 241 1012 325 361]

202 414 308 498 elamat
322 411 477 474 universus
496 413 643 475 exercitus
662 415 767 474 merito
790 432 822 475 se
846 431 880 474 ea
900 411 1003 473 andire
1022 417 1052 474 et
1070 411 1161 475 lateri

202 499 362 561 admissum
375 497 533 574 flagitium,
555 497 608 558 sed
624 497 743 558 eosdem
756 503 945 558 correcturos
961 515 1042 567 esse,
1060 513 1163 576 neque

166 595 183 648 o
202 583 373 644 diuturnum
386 582 417 641 id
431 581 571 658 gaudium
593 579 728 642 hostibus
744 581 818 642 sore.
848 588 1019 658 poscentes,
1038 587 1072 641 ut
1087 597 1162 641 oon·

201 668 299 729 festim
314 665 384 727 inde
401 665 438 726 ad
452 671 549 726 castra
563 663 692 734 bestium
713 664 884 726 duceret-
909 665 982 724 etin
997 671 1161 742 conspectu

202 757 285 813 eraut
299 750 394 830 posita
410 751 442 809 in
456 748 545 828 plano
563 783 617 819 -,
639 747 713 810 nihil
733 765 848 828 poenae
864 747 1056 818 recusabant,
1078 749 1110 808 ni
1124 767 1160 810 ea

152 845 183 896 lo
201 841 269 896 ante
292 844 410 896 noctem
429 840 654 912 expugnassent
692 831 884 894 conlaudatos
907 849 1032 910 corpora
1053 849 1161 892 curare

200 925 377 999 paratosque
398 936 463 980 esse
486 925 590 995 quarta
605 916 703 996 vigilia
716 916 808 979 iubet.
850 925 880 978 et
899 916 1015 986 hostes,
1037 922 1163 976 noctur·
1257 937 1258 974 ι

201 1019 269 1063 nam
282 1002 380 1080 lugam
395 1020 431 1063 ex
447 999 561 1062 tumulo
575 1001 777 1064 Romanorum
798 1008 830 1062 ut
845 1000 882 1063 ab
901 1017 935 1063 ea
948 1002 1010 1071 via,
1027 1018 1104 1078 quae
1116 999 1162 1061 fe·

200 1085 285 1147 rebat
295 1087 504 1164 Verruginem,
522 1084 727 1156 excluderent,
742 1087 827 1149 fuere
842 1085 936 1155 obvii,
952 1082 1163 1164 proeliumque

200 1176 268 1231 ante
284 1169 382 1232 lucem
401 1203 437 1215 -
457 1170 510 1232 sed
529 1169 599 1230 luna
620 1187 734 1249 pernox
757 1177 871 1232 erat-
893 1167 1082 1230 commissum
1106 1175 1162 1238 est,

151 1262 181 1315 11
201 1260 230 1318 et
243 1253 323 1315 hand
333 1255 475 1317 incertius
487 1252 593 1315 diurno
608 1252 756 1333 proelium
770 1253 834 1314 luit.
863 1253 915 1314 sed
926 1251 1038 1313 clamor
1049 1251 1162 1312 Verru·
1257 1319 1258 1324 ἵ

200 1343 301 1419 ginem
311 1337 459 1419 perlatus,
476 1355 544 1398 cum
556 1344 651 1399 castra
664 1337 797 1398 Romana
813 1337 972 1399 crederent
982 1335 1162 1414 oppugnari,

200 1431 314 1486 tantum
328 1423 431 1484 iniecit
444 1423 577 1500 pavoris,
600 1428 633 1482 ut
648 1423 827 1500 nequiquam
844 1422 991 1483 retinente
1006 1426 1093 1497 atque
1106 1417 1146 1478 ob
1257 1431 1258 1488 ζ

153 1521 182 1574 12
200 1514 335 1569 secrante
354 1503 478 1567 Aemilio
497 1503 658 1566 Tusculum
683 1504 773 1583 palati
801 1505 947 1584 lugerent.
987 1502 1056 1564 inde
1081 1502 1162 1563 lama
1257 1491 1258 1566 ζ

200 1590 323 1651 Romam
351 1587 463 1668 perlata
489 1597 532 1650 est
557 1588 739 1650 Postumium
766 1591 988 1666 exercitumque
1017 1587 1162 1648 occisum.

201 1676 265 1754 (lui,
294 1671 347 1734 ubi
372 1673 467 1752 prima
491 1671 542 1734 lux
566 1679 676 1734 metum
698 1671 872 1734 insidiarum
892 1671 985 1733 effuse
1008 1671 1162 1748 sequenti·
1257 1663 1258 1702 ³

199 1755 405 1828 bus'sustulit,
422 1773 491 1818 oum
508 1757 725 1836 perequitasset
740 1758 833 1819 aciem
849 1757 995 1837 promissa
1008 1760 1160 1833 repetens,

199 1847 316 1903 tantum
329 1841 441 1908 ,iniecit
470 1839 601 1910 ardoris,
629 1847 663 1901 ut
690 1857 751 1901 non
778 1840 854 1900 ultra
882 1839 1077 1901 sustinuerint
1104 1838 1162 1898 im·

151 1931 302 2005 tapetum
326 1924 428 2002 Aequi.
470 1924 569 1986 caedis
596 1922 665 1984 inde
694 1924 884 2002 fugientium,
915 1922 1010 2001 qualis
1034 1921 1086 1982 ubi
1115 1923 1161 1982 ira
1257 1927 1258 1962 ³

200 2010 293 2087 magis
314 2025 403 2085 quam
425 2009 533 2070 vinute
555 2025 604 2069 res
629 2008 756 2084 geritur,
783 2006 820 2068 ad
845 2008 1010 2086 perniciem
1030 2005 1162 2066 hostium

200 2093 275 2153 sacta
291 2098 349 2160 est;
372 2091 546 2170 tristemque
564 2089 600 2151 ab
615 2089 743 2152 Tusculo
759 2093 895 2152 nuntium
910 2091 1090 2169 nequiquam
1110 2107 1162 2150 ex-

198 2177 302 2238 territa
327 2176 443 2236 civitate
472 2173 588 2236 litterae
621 2191 637 2234 a
663 2174 813 2235 Postumio
842 2172 992 2236 laureatae
1017 2179 1161 2236 secuntur

199 2260 352 2321 notoriam
376 2254 480 2337 populi
495 2256 620 2318 Romani
637 2275 719 2328 esse,
739 2258 909 2337 Aequorum
932 2257 1092 2320 exorditum
1108 2255 1163 2318 de·

199 2342 300 2406 letum.
990 2351 995 2363 ·

167 2443 177 2493 1
262 2425 363 2486 XXIX.
393 2425 595 2487 Tribunorum
615 2424 711 2504 plebis
727 2427 859 2490 actiones
881 2427 948 2504 quia
964 2424 1096 2487 nondum
1113 2425 1163 2484 in·
1257 2469 1258 2472 ,

200 2518 340 2572 venerant
358 2510 462 2579 finem,
482 2516 511 2571 et
528 2507 613 2588 plebs
628 2511 802 2572 continuare
817 2509 960 2572 latoribus
976 2509 1050 2588 legis
1064 2507 1164 2568 tribu·
1257 2567 1258 2570 ,

199 2603 301 2656 natum
316 2599 346 2655 et
363 2601 463 2672 patres
483 2592 608 2655 relicere
630 2594 844 2656 intercessores
867 2592 945 2671 legis
964 2592 1059 2654 adnisi
1080 2599 1160 2653 sunt
1257 2653 1258 2668 p

165 2699 181 2749 2
200 2677 251 2740 sed
266 2677 333 2756 plus
347 2677 408 2738 suris
424 2678 550 2738 comitiis
564 2675 650 2756 plebs
667 2677 764 2738 valuit
791 2695 879 2755 quern
896 2677 1030 2739 dolorem
1040 2674 1094 2736 ulti
1106 2693 1164 2754 pa·
1213 2723 1218 2734 .

199 2769 260 2824 tres
269 2768 338 2822 sunt
353 2759 617 2823 senatusconsulto
629 2760 722 2831 sacto,
742 2769 775 2822 ut
785 2760 938 2831 consules,
953 2762 1064 2822 invisus
1077 2757 1161 2838 plebi
1257 2823 1258 2838 ἶ

199 2847 402 2922 magistratus,
423 2849 606 2906 crearentur.
638 2855 748 2906 annum
771 2851 839 2924 post
862 2847 996 2923 quintum
1011 2844 1166 2904 decimum
1257 2893 1258 2900 ,

200 2930 292 2989 creati
314 2926 450 2988 consules
470 2927 502 2989 L.
517 2927 673 2992 Lucretius
684 2927 789 2990 Flavus
805 2929 925 2991 Servius
940 2926 1089 3006 Sulpicius
1105 2927 1165 2988 ca·

166 3027 182 3079 3
200 3011 341 3074 morinus.
376 3012 524 3091 principio
544 3010 633 3074 huius
657 3013 727 3073 anni
747 3013 903 3082 ferociter,
925 3014 994 3090 quia
1014 3029 1102 3072 nemo
1123 3028 1160 3071 ex

200 3095 326 3174 collegio
337 3097 555 3158 intercessurus
571 3105 648 3166 erat,
667 3098 776 3157 coortis
786 3097 823 3158 ad
838 3095 1048 3175 perferendam
1061 3093 1161 3172 legem

199 3179 325 3242 tribunis
345 3177 441 3258 plebis
465 3197 521 3242 neo
539 3181 658 3257 segnius
674 3179 711 3240 ob
733 3181 763 3241 id
783 3183 881 3258 ipsum
897 3177 1069 3242 consulibus
1083 3178 1165 3239 resi-

200 3263 343 3324 stentibus
362 3265 502 3342 omnique
519 3265 634 3325 civitate
653 3265 684 3324 in
705 3281 796 3324 unam
816 3282 881 3326 eam
897 3279 999 3324 curant
1016 3277 1161 3323 conversa

199 3345 345 3407 Vitelliam
369 3345 514 3408 coloniam
535 3347 699 3409 Romanam
722 3349 754 3407 in
780 3364 834 3409 suo
856 3365 927 3427 agro
949 3347 1042 3426 Aequi
1067 3361 1162 3423 expu-

165 3445 181 3492 4
200 3437 299 3506 gnam.
320 3429 494 3491 colonorum
504 3449 573 3510 pars
585 3434 711 3493 maxima
722 3429 894 3502 incolumis,
907 3432 975 3510 quia
986 3434 1075 3490 nocte
1086 3444 1161 3506 pro·

200 3512 311 3574 ditione
327 3512 468 3591 oppidum
483 3523 601 3594 captum
624 3514 748 3596 liberam
770 3533 824 3594 per
841 3531 943 3578 aversa
958 3512 1042 3574 urbis
1058 3513 1167 3589 lugam
