2572 3956
274 187 369 228 11111
384 185 420 228 11.
448 185 519 230 111.
536 177 641 234 51117.
658 179 693 234 58
715 167 886 251 [111471.
903 169 966 246 471]
1035 173 1097 238 119

141 334 255 396 ninum
267 334 299 394 in
309 333 407 394 lorum
414 340 523 396 entota
534 333 610 398 urbe
618 337 783 398 concitatae
794 335 991 398 multitudinis
1002 337 1095 400 tieret

141 415 307 480 sustinebat
323 423 422 478 tamen
437 417 549 497 Appius
565 419 729 497 pertinacia
746 425 858 482 tantam
872 426 1096 500 tempestatemc

140 505 345 579 certatumque
359 499 439 562 baud
457 502 615 563 incruento
635 502 750 581 proelio
772 504 865 576 locet,
890 505 922 565 ni
941 501 1096 572 Quinctius
1117 509 1147 562 15

139 583 246 646 consul
263 583 339 645 alter
350 581 556 646 consularibus
571 587 690 663 negotio
706 586 790 658 dato,
808 593 843 648 ut
853 587 998 666 collegam
1011 589 1055 658 vi,
1071 589 1097 648 si

139 667 227 729 aliter
235 685 296 728 non
307 673 444 746 possent,
461 667 498 728 de
511 669 578 728 foro
589 667 787 740 abducerent,
804 673 869 750 ipse
882 688 963 732 nunc
977 669 1097 751 plebem

138 752 319 813 saevientem
341 749 481 829 precibus
501 749 638 818 lenisset,
661 765 741 811 nunc
761 760 877 814 orasset
890 753 1043 824 tribunos,
1063 759 1098 815 ut

53 909 55 912 Ι
138 833 302 895 concilium
312 833 508 894 dimitterent:
525 833 632 894 darent
641 833 705 893 irae
716 836 854 913 spatium,
869 853 931 897 non
939 838 997 897 vim
1012 854 1097 898 suam
1116 841 1148 894 ld

138 915 199 978 illis
209 923 328 996 tempus
338 917 554 995 adempturum,
566 916 619 977 sed
626 916 900 981 consiliumviribus
909 919 1094 988 additurum:

139 1007 170 1062 et
183 1007 284 1080 patres
297 1002 330 1061 in
343 997 448 1078 populi
461 1005 491 1059 et
507 998 659 1060 consulem
673 1001 706 1061 in
721 1007 839 1078 patrum
856 1002 922 1065 lore
939 1008 1094 1083 potestate.

203 1083 286 1145 LVII.
317 1082 413 1160 Aegre
428 1082 529 1143 sedata
543 1081 581 1142 ab
598 1079 734 1150 Quinctio
749 1083 849 1164 plebs,
866 1085 959 1147 muto
978 1087 1096 1164 aegrius
1116 1085 1130 1136 l

138 1166 244 1230 consul
263 1165 338 1227 alter
359 1165 538 1244 epatribus.
572 1165 693 1228 dimisso
711 1169 830 1229 tandem
848 1169 975 1230 concilio
1000 1168 1096 1248 plebis
1114 1177 1130 1226 2
1176 1244 1179 1252 Ι

137 1257 275 1314 senatum
291 1247 429 1310 consides
442 1248 562 1310 babent.
588 1247 641 1309 ubi
652 1251 823 1312 cum'timor
836 1257 925 1330 atque
942 1254 988 1313 ira
1004 1254 1036 1314 in
1052 1254 1094 1311 vi-

137 1351 205 1397 cem
216 1333 378 1396 sententias
388 1334 567 1402 variassent,
582 1349 641 1410 quo
653 1335 747 1412 magis
758 1335 853 1413 spatio
868 1335 1044 1414 interposito
1056 1334 1093 1396 ab

136 1419 251 1497 impetu
265 1417 302 1478 ad
320 1414 548 1478 consultandum
561 1415 796 1488 advocabantur,
816 1435 851 1480 eo
867 1416 936 1497 plus
951 1417 1094 1480 abhorre·
1125 1454 1126 1458 =

136 1499 210 1563 baut
225 1501 418 1563 scortatione
431 1501 531 1570 animi,
547 1499 621 1561 adeo
637 1506 671 1561 ut
680 1497 819 1568 Quinctio
837 1503 946 1579 gratias
960 1507 1092 1581 agerent,

137 1585 217 1664 quod
229 1585 293 1646 elus
304 1599 395 1663 opera
406 1585 537 1662 mitigata
549 1583 697 1645 discordia
706 1590 792 1647 11111.
816 1583 853 1644 ab
865 1585 960 1664 Appio
973 1587 1094 1664 petitur,
1112 1593 1130 1646 3

135 1674 171 1729 ut
182 1673 296 1729 tantam
308 1665 496 1729 consularem
510 1667 695 1729 maiestatem
707 1685 773 1742 esse
788 1667 891 1738 vellet,
909 1676 1018 1746 quanta
1030 1689 1095 1731 esse

103 1808 110 1820 ,
135 1753 168 1812 in
184 1751 326 1812 concordi
342 1752 458 1812 ciuitate
478 1757 589 1830 posset.
626 1751 697 1812 dum
713 1751 850 1812 consules
866 1750 1042 1831 tribunique
1058 1753 1096 1814 ad

135 1836 309 1914 aequisque
331 1835 430 1896 omnia
451 1833 586 1904 trahant,
608 1833 681 1894 nihil
703 1834 841 1896 relictum
857 1853 922 1896 esse
935 1836 1042 1896 virium
1063 1838 1095 1896 in

135 1918 251 1989 medio,
267 1918 438 1980 distractam
449 1917 671 2001 laceratamque
678 1935 743 1979 rem
754 1917 904 1998 publicam
916 1920 1009 1996 magis
1021 1937 1095 1997 quoa·

134 2019 203 2064 rum
218 2003 250 2062 in
265 2019 356 2062 manu
371 2003 425 2072 sit,
441 2019 529 2080 quam
541 2007 575 2061 ut
587 2000 745 2063 incolumis
760 2004 815 2071 sit,
834 2003 946 2081 quaeri.
981 2003 1094 2080 Appius
1111 2009 1129 2058 4

134 2091 241 2148 contra
253 2087 357 2146 testari
367 2085 439 2146 deos
449 2090 538 2164 atque
548 2084 685 2146 homines
698 2103 764 2146 rem
779 2085 930 2164 publicam
940 2086 1028 2164 prodi
1039 2101 1094 2164 per

134 2175 294 2230 metum‘ac
304 2168 412 2240 deseri,
427 2185 488 2228 non
500 2167 653 2230 considam
664 2171 790 2238 senatui,
805 2171 860 2231 sed
872 2175 1011 2230 senatum
1021 2187 1093 2230 con·

134 2251 194 2314 suli
205 2252 326 2324 deesse,
347 2253 497 2331 graiioms
507 2253 603 2331 accipi
616 2252 713 2331 leges,
733 2271 821 2332 quam
835 2251 867 2314 in
885 2253 977 2316 Sacro
991 2259 1093 2314 monte

134 2341 276 2416 acceptae
286 2337 354 2398 sint.
381 2337 475 2397 victus
489 2341 589 2397 tamen
602 2341 721 2414 patrum
733 2353 882 2399 consensu
896 2339 1015 2416 quievit.
1044 2335 1093 2398 lex

133 2418 253 2480 silentio
267 2419 429 2500 perfertur.

199 2501 296 2564 LVlll.
326 2503 402 2564 'l'urn
422 2504 553 2582 primum
577 2501 696 2564 tributis
717 2503 845 2562 comitiis
866 2505 958 2564 creati
977 2501 1092 2564 tribuni
1110 2513 1125 2566 1

133 2593 212 2650 sunt.
241 2603 367 2649 numero
385 2589 473 2648 etiam
492 2587 607 2647 additos
629 2592 707 2656 tres,
726 2585 852 2664 perinde
869 2603 904 2646 ac
926 2586 985 2647 duo
1005 2591 1092 2648 antea

48 2701 55 2710 ,
133 2671 262 2742 luerint,
282 2671 351 2732 Piso
371 2675 546 2732 auctorest.
579 2671 712 2731 nominat
733 2685 852 2747 quoque
866 2668 1019 2741 tribunos,
1037 2671 1089 2731 Cn.
1108 2684 1126 2733 2

134 2755 265 2897 Sisicium
283 2753 316 2816 L.
341 2753 540 2815 Nmnitorium
555 2753 592 2814 ll.
615 2751 763 2814 Duellium
780 2753 836 2831 Sp,
847 2751 962 2813 Icilium
979 2753 1011 2815 L.
1029 2753 1090 2815 ble-

135 2855 164 2898 cr
186 2855 246 2898 um.
879 2849 881 2854 ·
988 2854 996 2872 ¹

197 2919 336 2982 Volscum
349 2920 571 3000 Aequicumque
588 2922 667 2982 inter
681 2919 858 2982 seditionem
872 2919 1035 2981 Romanam
1047 2926 1092 2981 111
1108 2927 1124 2978 3

132 3001 248 3066 bellum
268 3011 413 3066 coortum.
442 3010 628 3066 vastaverant
641 3021 743 3082 agros,
765 3008 813 3072 ut,
837 3003 863 3064 si
883 3019 940 3082 qua
961 3005 1090 3065 secessio

132 3085 231 3168 plebis
245 3087 343 3160 lieret,
365 3088 449 3150 adse
465 3093 620 3166 receptum
643 3086 776 3149 baberet.
806 3088 969 3164 conpositls
984 3086 1091 3148 deinde
1213 3137 1215 3151 .

132 3171 225 3233 rebus
241 3176 338 3233 castra
356 3177 439 3233 retro
455 3189 584 3232 movere.
614 3171 667 3248 Ap.
683 3169 823 3232 Claudius
838 3170 870 3229 in
884 3169 1006 3231 Volscos
1021 3171 1091 3231 mis·
1107 3173 1125 3220 ⁴

131 3271 198 3326 aus,
222 3253 360 3324 Quinctio
380 3256 475 3335 Aequi
495 3256 647 3334 provincia
666 3254 771 3314 evenit.
810 3252 914 3315 eadem
934 3254 966 3314 in
987 3253 1091 3314 militia

132 3341 252 3402 saevitia
262 3339 340 3417 dppl
354 3357 429 3418 quae
438 3339 520 3400 dorni
534 3357 615 3408 1111,
632 3337 772 3406 liberior,
788 3335 869 3415 quod
882 3337 948 3398 sine
962 3336 1090 3398 tribuni·
1106 3337 1125 3389 5

133 3423 187 3484 ciis
200 3421 327 3484 uncialis
342 3428 414 3483 erat.
444 3423 541 3484 odisse
552 3420 671 3500 plebem
685 3418 754 3500 plus
766 3435 855 3496 quarn
869 3425 996 3498 paterno
1005 3420 1088 3481 odio:
