2580 3954
235 181 331 222 maan
351 181 398 221 111.
430 179 499 220 car.
518 169 561 223 54.
578 171 622 223 55.
648 160 688 238 [5.
704 159 879 226 (1155149
898 165 988 241 (148)]
1033 169 1096 230 177

138 329 249 390 5511155
269 345 339 404 ager
360 328 391 386 in
413 333 455 386 tot
475 343 577 386 rerum
597 343 653 386 usu
669 327 837 387 necessario
853 335 949 390 tantae
964 327 1095 390 multitu·

136 414 200 474 dini
216 418 261 472 est
275 409 407 479 violatus,
423 425 487 470 eam
504 408 676 470 modestiam
691 411 765 472 serta
778 411 808 468 in
819 408 933 472 urbem.
956 414 986 472 in
999 414 1093 473 elven-

136 499 232 555 tinum
253 495 308 562 ite,
331 493 409 554 unde
426 492 552 568 proiecti
567 494 645 552 estis.
678 491 721 552 ibi
735 492 815 554 151151
830 493 912 564 1555,
929 493 980 554 ubi
996 497 1092 573 prima
1110 503 1129 555 o

137 580 219 638 initia
241 576 402 636 inchoastis
418 574 560 636 libertatis
575 582 704 645 vestrae,
719 575 854 637 tribunos
874 577 955 655 plebi
976 577 1091 638 creabi·

136 663 182 722 tis.
213 665 332 738 praesto
354 661 410 720 erit
424 658 556 737 pontilex
572 659 729 729 maximus,
746 661 797 736 qui
817 661 934 720 comitia
955 659 1093 721 habeatr‘

137 745 243 820 ingens
266 743 407 802 adsensus
438 739 631 818 alacritasque
666 751 771 802 cuneta
786 742 1012 820 adprobantium
1028 745 1091 804 luit.
1114 751 1145 802 tu

138 823 306 888 convellunt
324 824 393 885 inde
416 826 514 902 signa,
540 823 725 901 protectique
745 824 867 885 Romam
890 833 1004 887 certant
1025 844 1093 888 cum

138 909 232 971 obviis
259 907 373 986 gaudio.
407 909 511 968 armati
532 924 586 984 per
606 906 713 968 urbem
734 907 850 969 silentio
869 911 900 968 in
918 910 1094 970 Aventinum

137 993 322 1072 perveniunt.
359 989 400 1050 ibi
415 988 570 1068 ‘extemplo
591 991 730 1068 pontifice
751 993 878 1052 maximo
901 994 1018 1052 comitia
1040 991 1093 1052 ba·
1112 998 1145 1050 n

137 1075 226 1138 bente
251 1072 506 1152 tribunusplebis
534 1079 735 1150 creaverunt,
748 1076 880 1134 omnium
908 1075 1037 1153 primum
1059 1075 1091 1136 L.

137 1159 316 1236 Verginium,
333 1156 401 1218 inde
419 1156 451 1216 L.
467 1153 580 1215 lcilimn
595 1162 625 1216 et
642 1157 675 1218 P.
690 1156 900 1227 Numitorium,
917 1156 1094 1218 avunculum

137 1243 265 1319 Vergini,
282 1245 417 1302 auctores
429 1239 613 1308 secessionis,
630 1247 693 1299 tum
705 1239 735 1300 C.
749 1240 901 1310 Sicinium,
918 1242 1092 1318 progeniem
1112 1240 1145 1290 1²

138 1327 217 1394 eius,
245 1341 332 1402 quem
356 1324 485 1402 primum
504 1319 656 1382 tribunum
676 1321 771 1399 plebis
794 1329 925 1383 creatum
946 1325 979 1382 15
1002 1324 1093 1384 Sacro

138 1415 236 1468 monte
250 1405 400 1485 proditum
415 1405 576 1466 memoriae
593 1413 645 1476 est,
662 1413 691 1466 et
706 1405 743 1466 M.
761 1404 914 1477 Duillium,
933 1408 984 1484 qui
998 1405 1093 1466 tribu-

138 1497 242 1563 natum¹
256 1491 403 1568 insignem
417 1495 485 1550 ante
504 1486 686 1550 decemviros
709 1496 823 1550 creatos
842 1496 974 1566 gesserat
991 1491 1093 1550 necin

138 1572 383 1636 decemviralibus
407 1569 617 1633 certaminibus
639 1570 720 1650 plebi
742 1572 885 1634 doluerat.
915 1590 968 1651 spe
985 1573 1092 1634 deindo
1111 1573 1145 1625 13

138 1658 230 1734 magis
250 1672 338 1733 quam
359 1657 471 1716 meritis
493 1653 579 1716 electi
601 1654 638 1715 M.
654 1655 780 1716 Titinius
800 1655 837 1716 M.
861 1656 1042 1734 Pomponius
1061 1657 1092 1718 C.

138 1741 284 1819 Apronius
298 1740 410 1818 Appius
423 1737 525 1800 Villius
542 1738 572 1798 C.
590 1737 712 1816 Oppius.
735 1737 886 1799 tribunatu
900 1739 973 1798 inito
986 1739 1094 1800 Lucius
1113 1741 1146 1792 m

139 1823 237 1884 icilius
260 1821 405 1900 extemplo
425 1819 543 1900 plebem
563 1821 690 1898 rogavit,
715 1827 744 1882 et
762 1821 847 1899 plebs
862 1823 960 1891 scivit,
983 1839 1019 1884 55
1046 1823 1093 1881 551

139 1906 235 1968 iraudi
257 1913 333 1968 esset
348 1907 475 1966 secessio
498 1901 535 1964 ab
558 1904 732 1965 decemviris
757 1904 841 1965 lacta.
880 1905 1034 1966 confestim
1056 1905 1147 1966 51515

63 1986 66 1991 ’
138 1988 309 2051 consulibus
323 1988 457 2049 creandis
472 2005 540 2047 cum
554 1988 762 2072 morocatione
775 1987 891 2048 Marcus
905 1987 1029 2049 Duillius
1043 2005 1093 2048 ro·

138 2074 287 2152 gationem
306 2070 435 2151 pertulit.
470 2089 504 2131 ea
525 2071 623 2130 omnia
644 2072 676 2130 in
695 2071 787 2149 pratis
800 2069 951 2132 Flaminiis
965 2070 1093 2131 concilio

138 2156 232 2236 plebis
250 2163 330 2226 acta,
350 2172 438 2232 quem
453 2171 532 2215 nunc
550 2155 662 2214 circum
677 2153 854 2214 Flaminium
870 2153 1028 2233 appellant.

146 2271 147 2274 ¹
200 2240 256 2301 LV.
286 2240 344 2300 Per
355 2240 535 2316 interregem
547 2237 653 2299 deiude
666 2237 801 2298 eonsules
812 2240 904 2299 creati
914 2237 947 2298 L.
959 2237 1092 2300 Valerius
1112 2244 1126 2296 t

137 2323 174 2384 M.
187 2323 340 2392 Horatius,
357 2323 408 2398 qui
426 2319 571 2399 extemplo
586 2322 786 2398 magistratum
800 2327 989 2400 occeperunt.
1020 2339 1093 2400 quo-

138 2425 203 2468 rum
225 2405 392 2468 consulatus
412 2403 564 2484 popularis
585 2405 649 2464 sine
672 2403 730 2464 ulla
753 2411 869 2482 patrum
890 2405 1013 2476 iniuria,
1037 2423 1093 2466 nec

137 2491 202 2552 sine
217 2489 379 2550 oliensione
396 2490 465 2548 luit:
488 2487 630 2564 quidquid
648 2489 726 2547 enim
745 2485 873 2546 libertati
893 2485 989 2564 plebis
1011 2499 1129 2549 cave-2

138 2579 229 2642 retur,
240 2573 271 2633 id
282 2573 342 2633 suis
353 2571 497 2634 decedere
509 2569 616 2648 opibus
623 2568 790 2632 credebant.
813 2571 943 2630 omnium
955 2571 1093 2648 primum,
1111 2578 1129 2631 5

138 2673 205 2716 cum
224 2655 302 2716 velut
322 2657 354 2714 in
373 2661 563 2715 controverso
576 2655 642 2714 iure
658 2659 748 2722 esset,
771 2659 980 2714 tenerenturne
995 2660 1095 2732 patres

138 2737 218 2818 plebi
248 2741 344 2809 scitis,
367 2738 462 2816 legem
485 2737 654 2797 centuriatis
675 2737 799 2796 comitiis
822 2735 932 2806 tulere,
958 2737 991 2796 ut
1016 2737 1095 2815 quod

138 2820 271 2882 tributim
282 2820 378 2900 plebis
389 2823 538 2890 iussisset,
553 2818 696 2898 poprdum
708 2827 837 2888 teneret,
856 2836 912 2897 qua
923 2817 990 2898 lege
1000 2820 1094 2881 tribu-

138 2905 224 2964 niciis
253 2903 455 2982 rogationibus
481 2902 573 2964 telum
600 2904 777 2964 acerrimum
796 2903 895 2963 datum
918 2911 969 2964 est.
1008 2903 1130 2964 aliama

138 2985 245 3048 deinde
261 2987 447 3048 consularem
464 2985 560 3065 legem
575 2985 612 3046 de
627 2987 850 3064 provocatione,
872 2988 991 3046 unicum
1008 3005 1094 3066 prae·

138 3069 246 3132 sidium
261 3067 420 3138 libertatis,
435 3068 621 3131 decemvirali
636 3076 778 3146 potestate
790 3087 921 3130 eversam
933 3087 993 3129 non
1007 3069 1094 3130 resti·

94 3177 97 3180 ·
138 3159 224 3213 55551
234 3152 337 3222 modo,
353 3152 503 3212 sedetiam
517 3154 548 3212 15
559 3159 710 3230 posterum
722 3153 857 3211 muniunt
867 3153 1026 3213 sanciendo
1039 3169 1093 3212 no·

138 3253 203 3296 vam
217 3235 328 3313 legem,
345 3253 384 3296 55
398 3236 463 3311 quis
479 3233 571 3296 ullum
586 3235 787 3312 magistratum
802 3236 865 3296 sine
882 3238 1094 3312 provocatione
1108 3247 1127 3297 5

139 3326 270 3388 crearet3
292 3320 343 3396 qui
366 3324 509 3387 creasset,
532 3335 599 3378 eum
615 3319 662 3378 155
684 3317 785 3395 fasque
802 3319 1001 3389 essetoccidi,
1020 3335 1093 3395 nere

141 3420 174 3462 ea
191 3402 296 3464 caedes
311 3400 443 3481 capitalis
458 3418 552 3462 noxae
566 3400 735 3462 baberetur.
763 3408 793 3461 et
810 3419 877 3460 cum
893 3399 1010 3478 plebem
1022 3401 1092 3464 binc
1109 3415 1134 3464 u.

174 3515 197 3548 a.
213 3515 271 3550 mvi
285 3515 352 3552 rans
367 3517 377 3552 1
902 3487 954 3549 12·
