2580 3954
195 241 256 302 212
354 256 449 297 crece
463 256 507 299 1v.
531 253 602 296 oar.
620 246 658 298 15.
675 245 716 300 16.
739 233 779 328 [a.
791 256 820 295 u.
836 256 861 296 c.
878 233 1008 318 aro-an]

196 402 337 464 stratibus
359 406 419 466 suis
443 405 647 483 maiorumque
663 401 828 464 honoribus
848 400 1008 481 splendore
1026 403 1150 466 familia·

162 493 262 548 orum
284 487 436 550 sustulisse
458 489 586 558 animos,
609 506 667 566 quo
682 487 764 548 neias
784 486 885 548 fuerit:
911 487 1053 567 Spurium
1071 489 1150 550 Mae·

194 570 283 642 lium,
306 574 354 632 cui
367 572 535 633 tribunatus
549 570 645 651 plebis
656 572 749 649 magia
764 570 909 648 optandus
924 589 1013 650 quam
1027 589 1151 652 speran-

196 655 251 716 dus
263 655 367 726 luerit,
386 656 613 717 frumentarium
628 656 761 726 divitem,
782 652 897 714 bMibris
912 655 999 717 larris
1014 673 1150 734 sperasse
1267 653 1268 698 l

194 737 361 801 libertatem
378 759 410 801 se
429 741 536 800 civium
559 757 681 802 suorum
703 739 825 808 emisse,
849 737 974 818 ciboque
994 739 1149 801 obiciendo
1267 783 1268 812 ἶ

195 828 293 884 ratum
307 825 449 884 victorem
463 824 655 884 finitimorum
670 823 802 884 omnium
822 821 966 901 populum
980 825 1011 884 iu
1026 824 1149 886 servitu·

161 912 177 961 7
195 912 255 968 tem
268 905 373 986 perlici
387 925 489 986 posse,
512 912 546 967 ut
562 921 649 986 quem
663 912 830 968 senatorem
846 923 1033 986 concoquere
1050 909 1149 968 civitas

83 1033 86 1042 -
195 992 241 1050 rix
262 996 376 1069 posset,
393 1009 494 1070 regem
508 989 618 1061 ferret,
632 989 752 1052 Romuli
769 989 943 1061 conditoris,
960 990 996 1051 ab
1011 991 1066 1054 diis
1081 993 1148 1062 orti,
1267 1007 1268 1072 3

162 1080 178 1128 8
195 1075 308 1153 recepti
320 1075 357 1136 ad
377 1075 463 1145 deos,
480 1075 606 1153 insignia
622 1080 709 1153 atque
720 1075 878 1153 imperium
888 1074 1056 1136 habentem.
1088 1092 1149 1136 non
1267 1129 1268 1140 ,

194 1176 249 1237 pro
265 1158 378 1222 scelere
394 1159 425 1219 id
442 1161 534 1237 magis
553 1178 640 1239 quam
653 1176 708 1237 pro
721 1163 861 1219 monstro
882 1157 1069 1229 habendum,
1094 1177 1150 1220 nec
1267 1205 1268 1208 ,

194 1243 264 1304 satis
283 1261 347 1305 esse
365 1244 508 1322 sanguine
525 1244 589 1304 eius
604 1243 767 1322 expiatum,
787 1243 845 1302 nisi
860 1247 936 1304 tecta
952 1243 1148 1321 parietesque,

194 1327 272 1388 intra
289 1343 364 1406 quae
379 1333 493 1390 tantum
508 1329 654 1409 amentiae
665 1332 843 1404 conceptum
863 1331 954 1396 esset,
971 1326 1149 1406 dissiparen-

194 1415 244 1470 tur
258 1410 396 1490 bonaquc
413 1417 546 1472 contacta
568 1411 671 1490 pretiis
687 1411 773 1488 regni
794 1410 945 1470 mercandi
961 1408 1151 1489 publicaren-

194 1499 252 1556 tur.
280 1493 384 1556 iuberc
400 1497 500 1572 itaque
520 1499 693 1571 quaestores
713 1493 841 1554 vendere
861 1512 895 1554 ea
915 1493 993 1554 bona
1012 1499 1099 1573 atque
1119 1495 1150 1554 in

194 1577 347 1658 publicum
363 1577 508 1656 redigere.

164 1665 173 1715 l
257 1659 329 1723 xvi.
359 1661 485 1724 Domum
506 1661 626 1731 deinde,
648 1666 682 1721 nt
695 1669 887 1721 monumento
908 1676 976 1721 area
997 1667 1074 1724 esset
1097 1679 1150 1740 op·

193 1762 314 1824 pressae
326 1746 456 1808 nefariae
467 1746 545 1825 spei,
562 1745 640 1806 dirui
653 1741 799 1823 extemplo
813 1745 906 1807 iussit.
936 1744 967 1805 id
976 1746 1151 1825 Aequimae7
1267 1765 1268 1788 ³

159 1835 176 1883 2
193 1827 265 1890 lium
283 1829 463 1910 appellatum
479 1835 531 1892 est
562 1828 593 1890 L.
610 1829 756 1890 Minucius
775 1827 850 1889 bore
865 1834 967 1889 aurato
985 1835 1065 1888 extra
1080 1847 1151 1907 por·
1267 1827 1268 1900 l

193 1919 253 1974 tarn
270 1913 469 1992 Trigeminam
482 1919 528 1976 est
537 1912 663 1974 donatus
673 1929 712 1974 ne
724 1909 812 1992 plebe
824 1911 947 1990 quidem
960 1913 1065 1982 invita,
1082 1915 1151 1990 quia

193 1998 375 2060 trumentum
387 1997 563 2060 Maelianum
578 1995 692 2058 assibus
702 1997 734 2056 in
745 1995 861 2057 modios
870 1995 1055 2056 aestimatum
1070 1995 1150 2075 plebi

160 2085 175 2138 3
194 2081 299 2142 divisit.
330 2080 411 2142 bunc
425 2081 587 2143 Minucium
603 2081 682 2160 apud
697 2080 840 2160 quosdam
857 2084 994 2140 auctores
1009 2081 1151 2141 transisse

193 2183 210 2226 a
231 2163 365 2244 patribus
388 2165 425 2226 ad
445 2163 578 2244 plebem,
606 2163 856 2242 undecimumque
877 2161 1031 2224 tribunum
1054 2161 1151 2242 plebis

194 2253 363 2327 cooptatum
381 2248 554 2310 seditionem
577 2254 687 2309 motam
702 2267 738 2310 ex
755 2245 898 2309 Maeliana
919 2247 1009 2308 caede
1032 2247 1152 2310 sedasse

159 2333 175 2382 4
192 2333 319 2394 invenio.
356 2339 489 2394 ceterum
504 2333 551 2392 vix
566 2331 707 2394 credibile
724 2338 768 2393 est
785 2347 945 2394 numerum
960 2329 1151 2392 tribunorum

192 2422 292 2494 patres
307 2417 409 2495 augeri
423 2435 540 2496 passos,
561 2416 651 2495 idque
665 2417 851 2494 potissimum
874 2413 1042 2493 exemplum
1061 2433 1078 2476 a
1098 2432 1151 2495 pa·

191 2501 278 2560 tricio
296 2499 416 2562 bomine
431 2501 647 2568 introductum
661 2517 717 2562 nec
732 2499 838 2561 deinde
849 2500 880 2562 id
894 2497 1013 2580 plebem
1029 2517 1150 2560 conces·

192 2603 257 2646 sum
274 2583 365 2646 semel
386 2583 547 2647 obtinuisse
565 2589 616 2645 aut
633 2590 714 2644 certe
731 2589 899 2662 temptasse.
933 2583 986 2646 sed
1001 2589 1069 2646 ante
1088 2601 1151 2643 orn·

191 2670 240 2729 nia
257 2667 366 2730 refellit
381 2667 487 2730 salsum
503 2668 638 2746 imaginis
653 2667 772 2728 titulum
787 2669 971 2745 paucisante
986 2669 1072 2729 annis
1086 2666 1151 2745 lege

158 2757 174 2808 c
193 2759 330 2822 cautum,
346 2769 384 2812 ne
398 2751 528 2812 tribunis
543 2750 685 2830 collegam
701 2757 841 2830 cooptare
857 2750 970 2814 liceret.
1001 2749 1035 2821 Q.
1051 2751 1150 2814 Caeci-

191 2835 248 2896 lius
266 2834 299 2904 Q.
318 2836 420 2896 lunius
441 2836 521 2897 Sext.
538 2835 665 2896 Titinius
687 2835 744 2897 soli
761 2853 797 2897 ex
817 2834 942 2914 collegio
960 2833 1150 2896 tribunorum

192 2937 289 2997 neque
303 2917 434 2980 tulerant
448 2918 484 2982 de
505 2917 669 2980 honoribus
690 2919 800 2981 Minuci
814 2918 925 2997 legem,
954 2925 983 2982 et
999 2919 1150 2980 criminari

193 3021 272 3064 nunc
294 3003 455 3064 Minucium
479 3020 560 3064 nunc
581 3002 735 3066 Servilium
759 3003 838 3082 apud
860 3001 979 3082 plebem
1005 3003 1151 3080 querique

157 3084 174 3134 6
191 3089 341 3165 indignam
357 3105 461 3150 nocem
480 3086 578 3150 Maelii
595 3105 655 3148 non
673 3089 856 3150 destiterant.
889 3089 1079 3167 pervicerunt
1096 3086 1150 3163 igi·

190 3179 256 3242 tur,
276 3178 309 3232 ut
324 3171 514 3234 tribunorum
527 3170 654 3232 militurn
670 3173 767 3250 potius
783 3189 872 3251 quarn
887 3168 1043 3234 consulum
1060 3171 1150 3230 comi·

190 3256 230 3315 tia
253 3254 452 3326 haberentur,
475 3255 555 3317 baud
576 3254 672 3326 dubii,
697 3255 768 3334 quin
792 3274 844 3318 sex
860 3253 934 3318 locis
949 3289 984 3302 -
1005 3259 1049 3314 tot
1067 3255 1150 3320 ‚enirn

190 3340 249 3398 iarn
265 3341 361 3400 creari
376 3339 484 3402 licebat
500 3373 535 3385 -
551 3345 580 3400 et
593 3337 691 3417 plebei
705 3338 795 3419 aliqui
809 3339 976 3418 profitendo
993 3357 1025 3400 se
1038 3337 1150 3398 ultores

157 3420 173 3469 ⁷
191 3421 254 3482 iore
272 3422 432 3485 Maelianae
449 3423 546 3484 caedis
562 3429 743 3485 crearentur.
777 3421 865 3485 Plebs
889 3440 1068 3502 quamquam
1088 3421 1149 3498 agi·

191 3509 250 3565 tata
272 3505 371 3566 multis
392 3525 426 3566 eo
449 3525 525 3568 anno
552 3512 581 3567 et
605 3508 693 3568 variis
717 3507 845 3568 motibus
868 3512 946 3578 erat,
969 3523 1026 3568 nec
1049 3505 1149 3584 plures
