2534 3956
208 177 270 240 316
361 189 457 231 crans
483 187 525 232 ιι.
544 187 613 230 ιιι.
629 178 656 232 4.
672 181 698 232 5.
728 166 769 250 [a.
785 187 814 229 n.
830 189 856 227 c.
871 168 1003 247 365-368]

174 349 193 398 o
272 335 314 396 Eo
336 352 414 398 anuo
434 337 467 395 in
484 335 628 408 civitatem
650 335 763 412 accepti
782 336 833 411 qui
848 335 1012 406 Veientium
1029 334 1170 412 Capena-

209 421 341 498 tiumque
357 435 392 479 ac
407 417 589 492 Faliscorum
608 435 662 496 per
678 435 712 484 oo
727 415 804 488 bella
820 417 1037 494 occalluerant
1051 419 1088 490 oti
1103 419 1171 490 lto·

176 515 328 572 omanus,
357 517 486 580 agerque
512 501 560 562 bis
585 502 668 570 noris
688 499 802 568 civibus
820 500 999 578 adsignatus.
1031 504 1168 574 reuocati

211 602 327 665 quoque
342 586 373 645 in
388 583 492 646 urbem
506 592 625 652 senatus
640 582 801 654 consultoa
818 584 901 653 Veis,
922 585 973 660 qui
988 584 1171 658 aellietndi

209 669 320 733 Romae
334 669 453 748 pigritia
470 669 619 747 occupatis
634 667 677 730 ibi
693 667 791 731 vacuis
806 668 892 734 tectis
909 667 995 738 veios
1007 686 1042 738 ιβ
1058 676 1169 741 contu·
1247 667 1248 754 ]

209 752 314 828 lerant
353 759 381 814 et
399 753 494 832 primo
517 751 650 823 fremitus
672 750 726 817 tuit
748 750 968 828 aspernantium
988 751 1168 830 imperinm:
1247 755 1248 774 ³

211 836 273 908 dies
287 835 394 904 deinde
408 836 577 912 praestituta
594 832 783 911 capitalisque
797 851 909 910 poena,
932 834 983 910 qui
997 851 1058 905 nun
1072 837 1169 897 remi-

136 921 141 928 '
210 926 323 996 gressu
339 917 476 989 Romam,
495 935 531 987 ιιι
545 915 694 988 ferocibus
708 917 853 990 uniuersis
868 915 1095 993 singularunm
1110 937 1172 984 suo

176 1010 194 1062 o
211 1017 356 1081 quemque
371 999 561 1071 oboedientes
574 999 652 1061 tecit
682 1006 711 1061 ct
725 999 818 1074 Rome
833 1017 901 1068 cum
918 999 1082 1078 tresanus
1098 1019 1170 1068 cre-

211 1101 311 1154 scere.
330 1092 392 1147 tum
411 1089 471 1155 tute
490 1082 578 1158 simul
601 1099 760 1162 exsurgere
780 1082 920 1154 aedificiis.
944 1090 1025 1156 etro
1044 1082 1171 1161 publica

135 1208 138 1212 ι
210 1168 349 1246 inpensas
368 1166 522 1238 adiurante
546 1175 575 1230 et
593 1166 736 1246 aedilibus
753 1165 830 1228 velut
851 1165 1003 1244 publicum
1022 1167 1169 1244 erigenti-

209 1249 266 1312 bus
280 1268 355 1329 opus
370 1258 400 1312 et
414 1251 486 1330 ipsis
502 1252 623 1331 privatis
640 1283 675 1296 -
693 1249 869 1322 admonebat
885 1251 964 1314 enim
982 1249 1170 1319 desiderium

210 1350 333 1397 usus-
298 1333 553 1406 -iestinautibus
573 1333 754 1406 adeffecium
768 1334 876 1412 spuis
904 1333 1170 1410 mirabillimum

210 1434 284 1476 nova
302 1415 374 1479 urbs
389 1418 476 1478 stetit.

176 1513 192 1561 ι
273 1498 359 1559 Exitu
374 1501 443 1570 anni
460 1500 576 1570 comitia
594 1471 781 1573 tribunorum
799 1499 924 1570 militum
946 1498 1094 1576 consulari
1111 1518 1168 1578 po-

210 1587 314 1644 testate
333 1581 442 1656 habita.
478 1583 618 1653 creatiT
637 1579 790 1655 Quinctius
807 1581 1048 1658 CincinnatusQ
1066 1583 1170 1652 Servi-

210 1663 266 1727 lius
288 1653 413 1726 Fidenas
432 1665 566 1744 quintum
587 1665 619 1727 L.
635 1664 726 1726 lulius
746 1664 828 1726 iulus
851 1664 882 1726 L.
899 1665 1031 1744 Aquilius
1052 1667 1169 1736 Corvus

209 1747 242 1808 L.
265 1749 418 1818 Lucretius
432 1748 621 1827 Tricipitinus
642 1750 759 1813 servits
774 1748 922 1829 Sulpicius
935 1749 1029 1820 Rufus
1050 1750 1167 1815 uxeres.
1247 1821 1248 1830 ἦ

209 1838 271 1905 tum
291 1830 415 1895 alterum
433 1833 464 1890 in
479 1832 596 1910 Aequos
618 1850 678 1902 non
696 1833 732 1902 ιιι
748 1831 860 1897 bellum
877 1867 912 1880 -
930 1833 1021 1908 metus
1035 1849 1168 1911 namque
1247 1853 1248 1914 ss

175 1927 243 1980 sse
262 1912 427 1988 fatebantur
446 1947 481 1959 -
504 1915 556 1979 ιιιι
576 1915 613 1984 ab
635 1917 704 1984 odie
720 1917 759 1989 ‚ad
781 1916 990 1994 peruastaudos
1012 1915 1103 1986 fines,
1127 1932 1166 1977 ua

211 1997 281 2074 quid
299 1997 335 2060 ad
350 2015 425 2058 noua
444 1997 565 2061 consilia
581 1997 787 2076 relinquerent
801 1999 921 2069 virium,
944 1999 1072 2070 unxere,
1090 1998 1168 2060 alte-

175 2094 276 2148 erum
297 2081 328 2140 in
354 2097 457 2159 agrum
477 2082 731 2160 Tarquiniensem.
747 2077 809 2144 'lbi
836 2083 943 2161 oppida
969 2081 1167 2146 Etruscorum

210 2162 352 2225 Cortuosa
363 2171 392 2226 et
404 2164 589 2225 Contenebra
604 2166 631 2223 ιι
647 2171 739 2242 capta.
769 2165 806 2226 ιιι
822 2165 994 2226 Cortuosam
1007 2163 1082 2228 nihil
1097 2183 1166 2226 cer·

209 2247 327 2306 taurinis
349 2247 418 2306 fuit:
440 2245 588 2323 inproviso
610 2247 705 2308 adorti
727 2249 823 2326 primo
845 2246 974 2310 clamore
998 2255 1085 2324 atque
1108 2249 1166 2307 im·

209 2335 280 2405 petu
305 2345 419 2407 cepere
459 2328 606 2406 direptum
633 2331 774 2410 oppidum
802 2339 890 2410 atque
925 2333 1080 2393 insensum
1110 2340 1164 2390 est.

160 2425 192 2477 to
210 2409 393 2473 Contenebra
408 2429 520 2490 paucos
534 2412 598 2490 dies
617 2415 868 2511 oppugnationem
886 2411 1166 2480 sustinuit31abor·

210 2511 268 2572 que
291 2495 447 2557 continuus
467 2513 527 2557 uon
544 2497 666 2559 dienen
690 2503 777 2558 nocte
793 2499 936 2559 remissus
962 2495 1079 2593 subegit
1101 2512 1164 2556 eos.

210 2595 277 2638 cum
297 2579 329 2637 in
347 2596 399 2639 sex
413 2586 511 2657 partes
529 2579 637 2640 divisus
658 2581 804 2640 exercitus
821 2578 971 2650 Romanus
985 2579 1065 2643 senis
1079 2578 1166 2640 boris

209 2663 240 2720 in
256 2659 360 2722 orbem
380 2663 553 2724 succederet
571 2661 702 2742 proelio,
726 2663 888 2740 oppidanos
911 2662 1030 2728 eosdem
1044 2662 1166 2740 integro

210 2761 326 2822 semper
340 2747 493 2807 certamini
503 2747 634 2823 paucitas
645 2746 737 2806 fessos
746 2743 891 2815 obiceret,
905 2763 1021 2814 cessere
1032 2743 1164 2815 tandem,

161 2832 191 2882 ιι
209 2827 351 2904 locusque
373 2827 530 2890 invadendi
548 2828 653 2891 urbem
667 2827 808 2890 Romanis
825 2829 908 2890 datus
931 2836 984 2890 est.
1012 2827 1165 2907 publicari

208 2908 349 2986 praedam
360 2910 486 2988 uibunis
501 2910 650 2989 placebam
667 2912 718 2973 sed
731 2913 890 2990 imperium
905 2929 994 2991 quam
1005 2911 1165 2974 consilium

209 2992 335 3092 segnius
347 2992 415 3066 suit:
438 2994 508 3056 dum
533 3000 722 3066 cunctantur,
747 2997 805 3057 iam
819 2995 945 3059 militum
959 2995 1070 3075 praeda
1088 3003 1163 3065 erat,

208 3091 265 3136 nec
280 3077 336 3136 nisi
352 3093 407 3154 per
424 3079 561 3140 invidiam
575 3079 664 3139 adimi
679 3084 855 3157 poterat-
820 3079 986 3142 -Eudem
1008 3095 1100 3147 auno,
1123 3095 1167 3138 ne

209 3159 329 3236 privatis
343 3167 455 3220 tantum
473 3160 612 3240 operibus
628 3169 776 3224 cresceret
791 3163 878 3233 urbs,
895 3160 1071 3260 Capitelium
1087 3178 1163 3239 quo·

210 3258 267 3318 que
285 3261 354 3303 saxo
370 3243 510 3325 quadrato
532 3241 731 3305 substructum
747 3252 805 3315 est,
824 3265 898 3325 opus
915 3245 984 3308 vel
975 3263 1005 3316 m
1022 3245 1078 3306 hac
1097 3260 1162 3302 ma·

209 3325 376 3400 gnificentia
391 3326 473 3386 urbis
486 3317 735 3425 conspiciendum.

272 3408 305 3467 V.
323 3407 383 3466 lam
400 3415 429 3468 et
442 3408 553 3469 tribuni
572 3409 668 3489 plebis
689 3411 804 3472 ciuitate
820 3411 1001 3475 aedificando
1018 3415 1162 3488 occupata
1247 3485 1248 3502 ἢ
