2534 3956
207 223 305 278 nmen
318 220 362 265 rr.
392 220 463 262 cnr.
478 211 522 266 36.
537 208 582 266 ot.
614 201 655 279 [a.
671 198 706 261 0.
722 207 773 266 377
789 196 953 280 (376)·369]
997 202 1060 266 349

15 395 16 440 l
100 371 290 436 contentione
302 369 434 432 exercitu
445 368 555 446 scripto
565 365 693 444 profecti
705 382 767 426 non
781 363 959 426 abl'usculo
969 362 1060 425 modo

99 470 285 520 summovere
299 451 431 520 hostem,
456 450 508 512 sed
529 451 606 510 intra
617 455 731 511 suamet
744 449 842 526 ipsum
854 448 971 510 moenia
987 464 1059 508 con·

99 538 213 619 pulere.
249 533 519 612 obsidebanturque
538 531 618 593 baud
641 531 729 611 paulo
750 532 780 591 vi
800 531 914 592 maiore
929 529 1094 596 Velitraeo

98 638 189 700 quam
202 618 363 680 Tusculum
384 616 538 679 obsessum
557 615 663 677 luerat.
698 632 755 676 nec
780 612 935 675 tamenab
961 615 1019 684 eis,
1041 632 1059 675 a

100 702 209 782 quibus
224 701 356 764 obsideri
371 709 493 778 coeptae
518 705 616 769 erant,
638 699 801 777 expugnari
822 706 956 776 potuere.
990 705 1095 762 anteo

98 788 168 845 novi
184 786 276 848 creati
290 791 359 848 sunt
381 783 493 844 tribuni
509 782 650 852 militum,
666 779 699 850 Q.
712 780 854 844 Servilius
865 781 954 844 Gaius
969 781 1058 843 Vetu-

99 870 162 929 rius
183 869 216 930 A.
235 874 264 930 et
286 868 323 929 M.
340 865 471 931 Cornelii
492 863 525 936 Q.
542 864 696 935 Quinctius
715 866 752 928 bl.
768 863 886 926 Fabius.
918 863 993 926 nibil
1019 882 1058 926 ne

99 951 136 1012 ab
152 953 188 1013 iis
202 952 322 1029 quidem
337 950 464 1012 tribunis
480 951 517 1012 ad
533 949 658 1012 Velitras
674 947 867 1012 memorabile
880 949 999 1010 lactum.

158 1034 193 1096 ln
206 1037 320 1097 maiore
332 1035 502 1096 discrimine
513 1034 654 1095 domines
665 1032 863 1094 vertebamur.
890 1049 959 1094 nam
970 1050 1057 1111 prae·
1075 1045 1093 1095 7

98 1131 144 1181 ter
160 1119 294 1180 Sextium
308 1117 513 1195 Liciniumque
526 1115 635 1177 latores
648 1114 764 1193 legum,
784 1117 845 1175 lam
858 1123 993 1176 octavum
1003 1117 1056 1176 tri·

97 1200 195 1263 bunos
217 1200 314 1280 plebis
332 1201 476 1270 reiectos,
496 1198 605 1261 Fabius
625 1215 743 1277 quoque
763 1197 900 1261 uibunus
920 1197 1070 1275 militum„

98 1283 227 1348 Stolonis
243 1302 344 1355 socer,
365 1301 491 1362 quarum
505 1282 605 1362 legum
619 1289 723 1344 auctor
738 1283 849 1352 luerat,
871 1299 974 1344 earum
989 1299 1057 1344 sua·

97 1386 198 1432 sorem
213 1387 245 1430 se
260 1368 339 1429 baud
356 1367 478 1430 dubium
498 1365 622 1429 serebat.
652 1373 769 1428 etcum
781 1374 847 1427 octo
871 1384 908 1428 ex
931 1364 1056 1444 collegio
1074 1374 1093 1427 8

96 1451 286 1514 tribunorum
297 1451 379 1532 plebi
389 1453 706 1530 primoiutercessores
716 1449 816 1529 logum
824 1449 958 1521 luissent,
970 1452 1057 1527 quin·

97 1553 157 1614 que
170 1534 228 1597 soli
245 1542 346 1605 erant;
367 1541 411 1606 et,
436 1541 467 1596 ut
481 1536 576 1598 lerme
590 1533 687 1597 solent
702 1536 752 1614 qui
766 1553 783 1596 a
798 1535 860 1595 suis
881 1534 1057 1605 desciscunt

98 1621 176 1697 eapti
194 1626 223 1681 et
242 1626 395 1699 stupentes
416 1620 507 1680 animi
529 1618 650 1681 vocibus
674 1617 780 1680 alienis
803 1618 834 1679 id
848 1618 953 1688 modo,
978 1617 1058 1694 quod

97 1703 175 1764 domi
191 1712 385 1782 praeceptum
400 1708 478 1774 erat,
500 1703 706 1764 intercessioni
721 1719 792 1762 suae
807 1699 1056 1780 praetendebant:

12 1833 19 1844 .
99 1781 214 1848 Velitris
227 1788 259 1847 in
274 1788 405 1848 exercim
419 1784 514 1863 plebis
531 1803 666 1863 magnam
686 1792 801 1863 partem
816 1783 937 1854 abesse,
958 1785 990 1843 in
1003 1784 1056 1845 ad·
1073 1785 1091 1838 t)

100 1877 217 1930 rentum
234 1867 360 1929 militum
376 1869 494 1929 comitia
509 1868 622 1930 dillerri
644 1866 769 1938 debere,
788 1874 821 1928 ut
839 1869 976 1929 universa
993 1865 1056 1945 ple·

96 1968 150 2014 nes
166 1952 202 2014 de
215 1953 277 2014 suis
292 1951 455 2014 commodis
462 1952 634 2030 suffragium
648 1953 749 2014 lerret
780 1952 897 2013 Sextius
908 1950 1055 2014 Licinius·
1074 1954 1108 2006 lo

97 2053 155 2113 que
180 2052 247 2096 cum
270 2042 353 2114 parte
375 2033 556 2114 collegarum
583 2041 612 2097 ct
631 2053 691 2096 uno
713 2053 749 2097 ex
772 2034 900 2096 tribunis
930 2033 1057 2095 militum

98 2117 205 2188 Fabio,
221 2119 349 2181 artifices
359 2120 419 2180 iam
429 2125 473 2180 tot
482 2135 629 2181 annorum
639 2137 696 2182 usu
707 2119 854 2179 tractandi
866 2119 980 2179 animos
992 2116 1056 2196 ple·

95 2199 159 2271 bis,
174 2203 321 2280 primores
335 2209 453 2281 patrum
468 2203 628 2280 productos
643 2203 857 2277 interrogando
872 2202 909 2263 de
922 2199 1055 2279 singadis,

97 2302 172 2362 quae
188 2283 359 2348 ferebantur
374 2286 411 2347 ad
427 2284 585 2364 populum,
608 2281 783 2361 fatigabant:
805 2283 988 2347 auderentne
1002 2301 1056 2363 po·
1075 2287 1107 2342 li

96 2367 222 2440 auare,
240 2376 272 2429 ut
286 2388 354 2431 cum
368 2369 438 2432 bina
454 2370 557 2448 iugera
571 2369 636 2444 agri
645 2365 728 2444 plebi
742 2366 959 2450 dividerentur,
984 2369 1057 2446 ipsis

95 2450 164 2530 plus
174 2453 334 2530 quingenta
345 2455 448 2532 iugera
463 2451 574 2512 habere
587 2447 704 2519 liceret,
718 2455 751 2509 ut
762 2448 872 2526 singuli
886 2467 981 2527 prope
995 2457 1056 2511 tre·

95 2541 251 2594 centorum
276 2537 383 2594 cisium
403 2532 590 2609 possiderent
611 2549 714 2610 agros,
737 2530 855 2610 plebelo
876 2532 992 2593 homini
1009 2533 1056 2594 vix

95 2615 133 2677 ad
150 2621 260 2676 tectum
273 2617 475 2677 necessarium
488 2622 539 2675 aut
552 2613 651 2676 locum
663 2615 833 2693 sepulturae
855 2631 927 2677 suus
941 2623 1056 2694 pateret
1105 2648 1113 2656 ·

95 2698 187 2778 ageri
205 2716 244 2759 an
261 2697 394 2776 placeret
405 2698 510 2760 fenore
521 2699 751 2760 circumventam
766 2696 899 2777 plebem,
917 2701 948 2759 ni
958 2701 1056 2778 potius
1073 2707 1107 2760 12

95 2800 185 2861 quam
200 2789 312 2843 sortem
325 2779 499 2864 [creditum]
515 2781 623 2853 solvat,
639 2801 749 2862 corpus
759 2784 791 2842 in
805 2800 929 2844 nervum
940 2801 975 2844 ac
985 2800 1055 2862 sup·

95 2865 183 2946 plicia
200 2865 287 2936 dare,
312 2871 342 2926 et
357 2866 501 2944 gregatim
521 2865 630 2928 cotidie
644 2867 680 2929 de
697 2866 764 2928 foro
784 2866 916 2929 addictos
937 2867 1005 2928 duci
1027 2874 1056 2928 et

94 2948 208 3027 repleri
220 2949 325 3010 vinctis
343 2948 460 3011 nobiles
471 2949 592 3020 domus,
609 2957 638 3012 et
654 2948 834 3028 ubicumque
850 2951 991 3031 patricius
1001 2951 1053 3012 ba·

94 3033 184 3102 bitet,
201 3030 244 3092 ibi
255 3050 406 3095 carcerem
417 3034 562 3112 privatum
574 3034 656 3095 esset
679 3034 816 3096 xxxvii.
841 3035 921 3096 llaec
934 3035 1054 3112 indigna
1073 3043 1087 3094 1

93 3115 323 3193 miserandaque
347 3115 449 3178 auditu
475 3135 542 3177 eum
569 3117 647 3194 apud
672 3117 807 3179 timentes
835 3117 953 3180 sibimet
973 3119 1055 3196 ipsos

94 3201 209 3263 maiore
225 3200 405 3261 audientium
424 3199 626 3278 indignatione
645 3217 734 3277 quam
753 3219 805 3262 sua
826 3201 1053 3279 increpuissent,

94 3285 176 3362 atqui
192 3301 247 3344 nec
263 3301 351 3361 agros
370 3283 534 3363 occupandi
554 3284 674 3346 modum
691 3301 747 3347 nec
765 3286 867 3346 lenone
887 3285 1089 3347 trucidandis

94 3367 215 3448 plebem
231 3367 320 3428 alium
335 3367 468 3446 patribus
483 3385 622 3445 umquam
636 3369 700 3430 lore
715 3364 923 3439 adfirmabant,
937 3369 996 3430 nisi
1010 3365 1053 3428 al·
1073 3389 1076 3395 ⁴

94 3459 193 3512 terum
209 3449 345 3531 explebe
360 3451 526 3522 consulem,
539 3452 693 3516 custodem
704 3471 774 3516 suae
782 3453 940 3523 libertatis,
955 3450 1054 3533 plobls
