2534 3956
259 212 356 253 mnne
372 211 415 253 vi.
442 208 512 252 car.
531 203 557 254 5.
575 199 602 256 6.
628 192 669 269 [a.
685 190 721 251 0.
736 145 864 268 effluis]
977 197 1038 260 31⁷

86 363 238 424 contiones
258 376 328 421 suas
351 359 540 436 frequentare
565 355 681 434 legibus
700 357 823 434 agrariis
844 357 1037 420 conabantur.

84 443 287 508 ostentabatur
307 443 339 502 in
360 459 442 522 spem
457 441 630 519 Pomptinus
651 446 799 519 agerium
820 441 950 519 primum
971 450 1073 520 posti

85 530 198 592 accisas
217 545 235 587 a
250 523 372 588 Camillo
389 519 562 586 Volscorum
576 538 625 586 res
635 524 831 604 possessionis
845 523 924 586 baud
945 521 1038 586 ambl-

83 628 169 692 guae.
208 607 440 671 criminabantur
469 607 562 670 multo
589 625 658 669 eum
676 607 860 670 infestiorem
876 625 981 686 agrum
1001 607 1072 672 abt

84 693 237 757 nobilitate
258 701 339 764 esse,
363 711 452 772 quam
468 709 484 752 a
499 689 611 753 Volscis
625 691 729 752 fuerit:
750 689 859 752 abillis
881 693 960 754 enim
973 698 1039 754 tan·

83 786 161 848 tutu,
184 777 282 856 quom
297 779 373 838 vires
393 782 423 838 et
436 793 518 838 arma
531 774 716 845 habuerunt,
736 775 922 837 incursiones
944 792 979 838 eo
992 778 1039 838 fa·
1123 849 1124 852 Ἴ
1236 859 1238 866 J

84 869 161 927 ctas.
183 859 299 922 nobiles
314 860 449 922 homines
472 861 504 919 in
518 860 735 938 possessionem
750 859 814 936 agri
828 857 941 937 publici
958 878 1039 938 gras·
1056 871 1074 921 t

83 947 160 1014 sari:
181 957 237 1006 nec
259 946 331 1014 nisi,
353 951 509 1021 antequam
531 945 629 1004 omnia
651 943 847 1022 praecipiant,
870 943 978 1005 divisus
993 946 1039 1016 sit,

84 1029 183 1090 locum
200 1027 242 1088 lbi
263 1026 343 1106 plebi
364 1027 438 1089 iore.
476 1027 555 1088 haud
571 1039 678 1104 magno
695 1043 786 1105 opere
800 1024 919 1105 plebem
940 1035 1074 1093 move-b

84 1120 152 1174 rant
164 1120 194 1174 et
206 1112 424 1189 infrequentem
439 1111 470 1169 in
486 1110 551 1170 foro
566 1116 688 1188 propter
703 1108 877 1170 aedificandi
893 1126 995 1172 curam
1010 1117 1040 1174 et

85 1196 190 1256 eodem
214 1194 385 1272 exhortatam
406 1195 437 1252 in
460 1193 554 1262 ensis,
577 1206 670 1271 eoque
691 1193 754 1270 agri
774 1193 986 1265 inmemorem,
1003 1195 1040 1256 ad

86 1295 176 1358 quem
193 1276 400 1339 instruendum
425 1290 428 1292 ·
461 1293 493 1337 es
508 1285 568 1337 nen
586 1281 693 1338 essent.

145 1361 179 1422 ln
204 1361 318 1422 cineae
338 1358 426 1440 plena
444 1357 637 1438 religionum,
666 1368 737 1421 tunc
758 1361 845 1422 etiam
867 1359 904 1421 ab
926 1362 1074 1423 necentit

85 1444 169 1506 clade
184 1445 397 1523 superstitiosis
409 1441 608 1523 principlbus,
625 1450 657 1504 ut
673 1449 889 1506 renovarentur
899 1445 1046 1522 auspicia,¹

85 1546 134 1590 res
150 1529 187 1590 ad
205 1529 409 1606 interregnum
429 1528 526 1589 rediit.
559 1529 723 1606 interreges
745 1527 885 1606 deinceps
902 1528 939 1588 M.
958 1527 1039 1589 Man·

84 1611 142 1674 lius
164 1611 359 1692 Capitolinus,
388 1612 453 1674 Ser.
477 1610 624 1691 Sulpicius
648 1611 837 1682 Camerinus,
860 1611 893 1672 L.
906 1609 1040 1674 Valerius

83 1697 208 1760 Potitus.
237 1695 287 1757 hic
300 1696 420 1758 demum
434 1695 622 1756 tribunorum
642 1693 769 1754 militum
786 1693 935 1756 consulari
956 1699 1040 1772 pote·
1057 1701 1074 1754 7

84 1785 159 1842 state
172 1781 288 1841 comitia
298 1779 416 1841 babuit:
429 1778 462 1840 L.
474 1779 624 1858 Papirium
637 1779 668 1838 0.
680 1777 847 1838 Corneliam
861 1777 891 1838 G.
903 1776 1040 1854 Sergium

84 1863 117 1925 L.
135 1861 291 1924 Aemilium
310 1864 418 1923 iterum
440 1862 563 1922 Lucium
579 1859 748 1922 Menenium
769 1859 801 1921 L.
818 1859 968 1921 Valerium
981 1861 1039 1922 Pu·

84 1944 223 2006 blicolam
237 1946 356 2007 tertium
374 1953 466 2006 creat.
493 1946 515 2004 ii
533 1963 569 2006 ex
584 1946 755 2022 interregno
772 1945 975 2022 magistratum
990 1961 1040 2004 oc·

85 2046 203 2108 cepere.
221 2061 256 2074 -
277 2029 320 2090 llo
340 2037 416 2089 anno
434 2029 515 2089 aedis
529 2027 630 2089 Martis
644 2027 756 2090 Gallico
771 2025 849 2088 bello
871 2034 937 2089 uota
959 2026 1075 2088 dedi-⁸

86 2117 150 2173 cata
169 2120 213 2173 est
228 2131 244 2172 a
258 2113 324 2173 'lito
339 2109 476 2180 Quinctio
490 2111 644 2172 duumviro
662 2113 753 2172 sacris
769 2111 919 2172 faciendis.
945 2109 1041 2171 tribus

86 2202 222 2275 quattuor
239 2213 275 2258 ex
296 2197 379 2257 novis
393 2193 506 2257 civibus
526 2194 658 2258 additae:
683 2193 835 2274 Stellatina
849 2194 1041 2256 Tromentina

86 2278 224 2342 Sabatina
241 2279 410 2349 Arniensis;
433 2279 545 2358 eaeque
565 2278 667 2357 uiginti
680 2279 811 2357 quinque
831 2276 963 2339 tribuum
986 2294 1041 2337 nu·

88 2382 203 2426 merum
218 2363 382 2443 explevere.

148 2448 193 2508 vl.
225 2448 267 2508 lte
288 2465 360 2526 agro
380 2447 537 2524 Pomptino
558 2443 595 2504 ab
620 2444 652 2503 L.
671 2443 782 2504 Sicinio
803 2441 924 2502 tribuno
946 2440 1042 2519 plebis
1060 2443 1075 2495 1

86 2539 185 2594 actum
199 2531 236 2591 ad
254 2529 488 2607 frequentiorem
507 2529 566 2586 mm
581 2525 725 2605 populum
745 2523 990 2603 mobilioremque
1005 2523 1043 2584 ad

87 2613 279 2692 cupiditatem
300 2613 364 2689 agri
383 2626 472 2688 wem
491 2610 597 2672 fuerat.
631 2615 661 2671 et
683 2610 719 2670 de
734 2609 838 2671 Latino
852 2609 1042 2684 Hernicoque
1058 2610 1076 2661 2

86 2696 166 2760 bello
180 2697 291 2758 mentio
300 2695 377 2756 facta
391 2695 421 2754 in
433 2701 536 2756 senatu
549 2694 669 2755 maioris
680 2691 751 2755 belli
763 2710 850 2764 cura,
865 2692 944 2771 quod
954 2691 1041 2751 Etru·

86 2783 132 2843 ria
145 2782 176 2841 in
191 2781 282 2841 armis
297 2785 374 2849 erat,
397 2777 486 2840 dilata
504 2785 557 2840 est.
589 2777 648 2840 lies
663 2777 701 2838 aci
715 2775 870 2840 CamMunt
889 2774 1042 2836 umanum
1060 2777 1076 2831 i

87 2863 213 2926 militum
228 2863 378 2926 consulari
394 2868 539 2943 potestate
558 2861 664 2932 rediit;
690 2860 820 2939 collegae
841 2859 932 2921 additi
954 2858 1041 2938 quiu-

88 2966 163 3029 que,
194 2949 257 3010 Ser.
276 2947 429 3011 Cornelius
450 2947 660 3026 Maluginensis
688 2943 722 3016 Q.
745 2943 887 3008 Servilius
915 2943 1042 3004 fidenas
1132 2947 1136 2952 ’

87 3037 204 3095 sextum
218 3032 251 3092 L.
268 3030 421 3100 Quinctius
439 3032 629 3094 Cincinnatus
642 3031 675 3092 L.
693 3030 831 3091 Horatius
850 3026 992 3089 Pulvillus
1007 3025 1040 3087 P.

87 3115 230 3178 Valerius.
1035 3157 1037 3162 ,

150 3200 300 3278 Principio
330 3200 400 3260 anni
419 3217 538 3261 aversae
561 3217 650 3261 curae
671 3198 825 3259 hominum
846 3201 945 3257 sunta
960 3191 1040 3254 bello
1057 3195 1073 3246 ⁴

88 3285 230 3355 Etrusco,
254 3284 333 3361 quod
352 3284 527 3362 fugientium
552 3301 588 3345 ex
606 3299 679 3360 agro
692 3281 849 3360 Pomptino
865 3294 972 3358 agmen
993 3293 1041 3338 re·

89 3373 178 3450 pente
192 3368 316 3429 inlatum
329 3369 359 3428 in
374 3366 480 3429 urbem
495 3367 591 3429 attulit
601 3367 731 3428 Antiates
743 3366 776 3426 in
787 3363 877 3426 armis
892 3379 971 3432 esse,
986 3359 1040 3422 La·

89 3451 278 3532 tinorumque
296 3450 423 3533 populos
444 3451 624 3514 iuventutem
640 3468 724 3512 suam
740 3449 855 3534 misisse
875 3447 912 3508 ad
932 3445 962 3506 id
977 3441 1041 3505 bel·
