<?xml version="1.0" encoding="UTF-8"?>
<!DOCTYPE html PUBLIC "-//W3C//DTD XHTML 1.0 Transitional//EN"
    "http://www.w3.org/TR/xhtml1/DTD/xhtml1-transitional.dtd">
<html xmlns="http://www.w3.org/1999/xhtml" xml:lang="en" lang="en">
 <head>
  <title>
</title>
<meta http-equiv="Content-Type" content="text/html;charset=utf-8" />
  <meta name='ocr-system' content='tesseract 3.04.00' />
  <meta name='ocr-capabilities' content='ocr_page ocr_carea ocr_par ocr_line ocrx_word'/>
</head>
<body>
  <div class='ocr_page' id='page_1' title='image "./aburbeconditali01rossgoog_0040.png"; bbox 0 0 2522 3954; ppageno 0'>
   <div class='ocr_carea' id='block_1_1' title="bbox 93 217 962 272">
    <p class='ocr_par' dir='ltr' id='par_1_1' title="bbox 93 217 962 272">
     <span class='ocr_line' id='line_1_1' title="bbox 93 217 962 272; baseline -0.008 1"><span class='ocrx_word' id='word_1_1' title='bbox 93 252 95 258; x_wconf 94' lang='lat'>·</span> <span class='ocrx_word' id='word_1_2' title='bbox 177 223 287 272; x_wconf 77' lang='lat' dir='ltr'>XXXVI</span> <span class='ocrx_word' id='word_1_3' title='bbox 373 223 421 271; x_wconf 76' lang='lat' dir='ltr'>DE</span> <span class='ocrx_word' id='word_1_4' title='bbox 440 221 512 272; x_wconf 79' lang='lat' dir='ltr'>rlrt</span> <span class='ocrx_word' id='word_1_5' title='bbox 533 221 619 271; x_wconf 78' lang='lat' dir='ltr'>mvn</span> <span class='ocrx_word' id='word_1_6' title='bbox 638 220 720 268; x_wconf 76' lang='lat' dir='ltr'>VITA</span> <span class='ocrx_word' id='word_1_7' title='bbox 738 221 781 268; x_wconf 75' lang='grc' dir='ltr'>ΕΤ</span> <span class='ocrx_word' id='word_1_8' title='bbox 798 217 962 268; x_wconf 75' lang='lat' dir='ltr'>seltn&#39;rts.</span> 
     </span>
    </p>
   </div>
   <div class='ocr_carea' id='block_1_2' title="bbox 158 373 1143 2870">
    <p class='ocr_par' dir='ltr' id='par_1_2' title="bbox 158 373 1143 2870">
     <span class='ocr_line' id='line_1_2' title="bbox 177 373 1139 456; baseline -0.008 -18"><span class='ocrx_word' id='word_1_9' title='bbox 177 389 223 440; x_wconf 88' lang='lat' dir='ltr'>aut</span> <span class='ocrx_word' id='word_1_10' title='bbox 238 381 326 438; x_wconf 87' lang='lat' dir='ltr'>minus</span> <span class='ocrx_word' id='word_1_11' title='bbox 340 380 497 456; x_wconf 90' lang='lat' dir='ltr'>praebitura</span> <span class='ocrx_word' id='word_1_12' title='bbox 510 379 659 456; x_wconf 83' lang='lat' dir='ltr'>voluptatis</span> <span class='ocrx_word' id='word_1_13' title='bbox 674 388 702 436; x_wconf 91' lang='lat' dir='ltr'>et</span> <span class='ocrx_word' id='word_1_14' title='bbox 716 376 843 436; x_wconf 78' lang='lat' dir='ltr'>utilitatis</span> <span class='ocrx_word' id='word_1_15' title='bbox 857 375 970 451; x_wconf 85' lang='lat' dir='ltr'>putabat</span> <span class='ocrx_word' id='word_1_16' title='bbox 984 373 1026 433; x_wconf 84' lang='lat' dir='ltr'>rel</span> <span class='ocrx_word' id='word_1_17' title='bbox 1047 375 1139 432; x_wconf 82' lang='lat' dir='ltr'>omisit</span> 
     </span>
     <span class='ocr_line' id='line_1_3' title="bbox 177 455 1140 538; baseline -0.002 -20"><span class='ocrx_word' id='word_1_18' title='bbox 177 464 218 524; x_wconf 86' lang='lat' dir='ltr'>rol</span> <span class='ocrx_word' id='word_1_19' title='bbox 236 464 321 522; x_wconf 83' lang='lat' dir='ltr'>levius</span> <span class='ocrx_word' id='word_1_20' title='bbox 343 465 444 538; x_wconf 81' lang='lat' dir='ltr'>attigit.</span> <span class='ocrx_word' id='word_1_21' title='bbox 473 464 501 522; x_wconf 88' lang='lat' dir='ltr'>ln</span> <span class='ocrx_word' id='word_1_22' title='bbox 522 465 556 522; x_wconf 91' lang='lat' dir='ltr'>iis</span> <span class='ocrx_word' id='word_1_23' title='bbox 577 464 663 528; x_wconf 89' lang='lat' dir='ltr'>libris,</span> <span class='ocrx_word' id='word_1_24' title='bbox 679 463 726 520; x_wconf 95' lang='lat' dir='ltr'>ubi</span> <span class='ocrx_word' id='word_1_25' title='bbox 740 460 883 535; x_wconf 79' lang='lat' dir='ltr'>Polybium</span> <span class='ocrx_word' id='word_1_26' title='bbox 900 461 1038 535; x_wconf 89' lang='lat' dir='ltr'>sequitur,</span> <span class='ocrx_word' id='word_1_27' title='bbox 1059 455 1140 516; x_wconf 82' lang='lat' dir='ltr'>initio</span> 
     </span>
     <span class='ocr_line' id='line_1_4' title="bbox 177 542 1140 624; baseline -0.005 -19"><span class='ocrx_word' id='word_1_28' title='bbox 177 565 261 624; x_wconf 88' lang='lat' dir='ltr'>pauca</span> <span class='ocrx_word' id='word_1_29' title='bbox 272 565 304 606; x_wconf 81' lang='lat' dir='ltr'>er</span> <span class='ocrx_word' id='word_1_30' title='bbox 318 565 351 606; x_wconf 92' lang='lat' dir='ltr'>eo</span> <span class='ocrx_word' id='word_1_31' title='bbox 363 548 462 612; x_wconf 78' lang='lat' dir='ltr'>hausit,</span> <span class='ocrx_word' id='word_1_32' title='bbox 477 547 607 624; x_wconf 88' lang='lat' dir='ltr'>paulatim</span> <span class='ocrx_word' id='word_1_33' title='bbox 622 546 709 623; x_wconf 87' lang='lat' dir='ltr'>plura,</span> <span class='ocrx_word' id='word_1_34' title='bbox 724 543 863 604; x_wconf 87' lang='lat' dir='ltr'>nonnullis</span> <span class='ocrx_word' id='word_1_35' title='bbox 887 542 956 601; x_wconf 87' lang='lat' dir='ltr'>loeis</span> <span class='ocrx_word' id='word_1_36' title='bbox 970 543 1075 608; x_wconf 74' lang='lat' dir='ltr'>muniar</span> <span class='ocrx_word' id='word_1_37' title='bbox 1090 542 1140 600; x_wconf 87' lang='lat' dir='ltr'>sed</span> 
     </span>
     <span class='ocr_line' id='line_1_5' title="bbox 176 626 1141 707; baseline -0.006 -17"><span class='ocrx_word' id='word_1_38' title='bbox 176 631 319 706; x_wconf 89' lang='lat' dir='ltr'>permulta,</span> <span class='ocrx_word' id='word_1_39' title='bbox 335 647 404 707; x_wconf 91' lang='lat' dir='ltr'>quae</span> <span class='ocrx_word' id='word_1_40' title='bbox 420 631 520 690; x_wconf 86' lang='lat' dir='ltr'>Graeco</span> <span class='ocrx_word' id='word_1_41' title='bbox 537 632 666 707; x_wconf 89' lang='lat' dir='ltr'>scriptori</span> <span class='ocrx_word' id='word_1_42' title='bbox 680 629 723 688; x_wconf 87' lang='lat' dir='ltr'>vel</span> <span class='ocrx_word' id='word_1_43' title='bbox 738 637 853 705; x_wconf 84' lang='lat' dir='ltr'>propter</span> <span class='ocrx_word' id='word_1_44' title='bbox 867 627 975 686; x_wconf 88' lang='lat' dir='ltr'>consilii</span> <span class='ocrx_word' id='word_1_45' title='bbox 993 627 1035 685; x_wconf 90' lang='lat' dir='ltr'>sui</span> <span class='ocrx_word' id='word_1_46' title='bbox 1055 626 1141 684; x_wconf 83' lang='lat' dir='ltr'>ratio·</span> 
     </span>
     <span class='ocr_line' id='line_1_6' title="bbox 177 711 1141 780; baseline -0.005 -8"><span class='ocrx_word' id='word_1_47' title='bbox 177 733 246 780; x_wconf 85' lang='lat' dir='ltr'>uem,</span> <span class='ocrx_word' id='word_1_48' title='bbox 258 715 342 773; x_wconf 88' lang='lat' dir='ltr'>velut</span> <span class='ocrx_word' id='word_1_49' title='bbox 354 717 482 774; x_wconf 88' lang='lat' dir='ltr'>aGraecis</span> <span class='ocrx_word' id='word_1_50' title='bbox 502 733 545 774; x_wconf 89' lang='lat' dir='ltr'>res</span> <span class='ocrx_word' id='word_1_51' title='bbox 559 717 703 779; x_wconf 86' lang='lat' dir='ltr'>Romanae,</span> <span class='ocrx_word' id='word_1_52' title='bbox 718 712 867 772; x_wconf 80' lang='lat' dir='ltr'>allomeris</span> <span class='ocrx_word' id='word_1_53' title='bbox 876 711 992 770; x_wconf 77' lang='lat' dir='ltr'><strong>Graecae</strong></span> <span class='ocrx_word' id='word_1_54' title='bbox 1008 719 1082 768; x_wconf 87' lang='lat' dir='ltr'>recte</span> <span class='ocrx_word' id='word_1_55' title='bbox 1098 711 1141 768; x_wconf 92' lang='lat' dir='ltr'>in-</span> 
     </span>
     <span class='ocr_line' id='line_1_7' title="bbox 177 795 1141 874; baseline -0.003 -19"><span class='ocrx_word' id='word_1_56' title='bbox 177 797 264 874; x_wconf 78' lang='lat' dir='ltr'>telligi</span> <span class='ocrx_word' id='word_1_57' title='bbox 281 807 403 874; x_wconf 87' lang='lat' dir='ltr'>possent,</span> <span class='ocrx_word' id='word_1_58' title='bbox 425 801 577 858; x_wconf 88' lang='lat' dir='ltr'>necessaria</span> <span class='ocrx_word' id='word_1_59' title='bbox 590 801 646 857; x_wconf 87' lang='lat' dir='ltr'>visa</span> <span class='ocrx_word' id='word_1_60' title='bbox 660 807 746 862; x_wconf 87' lang='lat' dir='ltr'>orant,</span> <span class='ocrx_word' id='word_1_61' title='bbox 758 796 832 854; x_wconf 88' lang='lat' dir='ltr'>velut</span> <span class='ocrx_word' id='word_1_62' title='bbox 847 795 1007 853; x_wconf 82' lang='lat' dir='ltr'>Graecamm</span> <span class='ocrx_word' id='word_1_63' title='bbox 1023 796 1096 852; x_wconf 90' lang='lat' dir='ltr'>iuter</span> <span class='ocrx_word' id='word_1_64' title='bbox 1110 812 1141 852; x_wconf 89' lang='lat' dir='ltr'>se</span> 
     </span>
     <span class='ocr_line' id='line_1_8' title="bbox 176 879 1141 953; baseline -0.006 -12"><span class='ocrx_word' id='word_1_65' title='bbox 176 883 325 941; x_wconf 87' lang='lat' dir='ltr'>civitatium</span> <span class='ocrx_word' id='word_1_66' title='bbox 347 891 374 941; x_wconf 89' lang='lat' dir='ltr'>et</span> <span class='ocrx_word' id='word_1_67' title='bbox 394 884 572 942; x_wconf 79' lang='lat' dir='ltr'>risiatiearum</span> <span class='ocrx_word' id='word_1_68' title='bbox 594 885 728 946; x_wconf 87' lang='lat' dir='ltr'>rationes,</span> <span class='ocrx_word' id='word_1_69' title='bbox 750 880 874 939; x_wconf 91' lang='lat' dir='ltr'>locorum</span> <span class='ocrx_word' id='word_1_70' title='bbox 896 879 1141 953; x_wconf 83' lang='lat' dir='ltr'>institutorumque</span> 
     </span>
     <span class='ocr_line' id='line_1_9' title="bbox 176 963 1139 1042; baseline -0.005 -18"><span class='ocrx_word' id='word_1_71' title='bbox 176 967 381 1042; x_wconf 82' lang='lat' dir='ltr'>descriptiones,</span> <span class='ocrx_word' id='word_1_72' title='bbox 394 966 479 1024; x_wconf 91' lang='lat' dir='ltr'>multa</span> <span class='ocrx_word' id='word_1_73' title='bbox 489 969 521 1025; x_wconf 90' lang='lat' dir='ltr'>de</span> <span class='ocrx_word' id='word_1_74' title='bbox 537 967 676 1024; x_wconf 90' lang='lat' dir='ltr'>bominum</span> <span class='ocrx_word' id='word_1_75' title='bbox 691 963 813 1024; x_wconf 86' lang='lat' dir='ltr'>consiliis</span> <span class='ocrx_word' id='word_1_76' title='bbox 833 964 1020 1038; x_wconf 87' lang='lat' dir='ltr'>laetorumque</span> <span class='ocrx_word' id='word_1_77' title='bbox 1041 964 1139 1025; x_wconf 90' lang='lat' dir='ltr'>causis,</span> 
     </span>
     <span class='ocr_line' id='line_1_10' title="bbox 176 1047 1140 1126; baseline -0.003 -20"><span class='ocrx_word' id='word_1_78' title='bbox 176 1051 210 1107; x_wconf 89' lang='lat' dir='ltr'>dc</span> <span class='ocrx_word' id='word_1_79' title='bbox 227 1059 391 1124; x_wconf 76' lang='lat' dir='ltr'>scriptorum</span> <span class='ocrx_word' id='word_1_80' title='bbox 408 1051 459 1109; x_wconf 89' lang='lat' dir='ltr'>lide</span> <span class='ocrx_word' id='word_1_81' title='bbox 474 1060 521 1110; x_wconf 84' lang='lat' dir='ltr'>aut</span> <span class='ocrx_word' id='word_1_82' title='bbox 536 1050 709 1126; x_wconf 77' lang='lat' dir='ltr'>neglegentia</span> <span class='ocrx_word' id='word_1_83' title='bbox 728 1049 825 1108; x_wconf 87' lang='lat' dir='ltr'>recidit</span> <span class='ocrx_word' id='word_1_84' title='bbox 839 1056 868 1104; x_wconf 93' lang='lat' dir='ltr'>et</span> <span class='ocrx_word' id='word_1_85' title='bbox 884 1048 989 1111; x_wconf 90' lang='lat' dir='ltr'>omisit,</span> <span class='ocrx_word' id='word_1_86' title='bbox 1005 1056 1051 1105; x_wconf 87' lang='lat' dir='ltr'>aut</span> <span class='ocrx_word' id='word_1_87' title='bbox 1067 1047 1140 1121; x_wconf 89' lang='lat' dir='ltr'>quod</span> 
     </span>
     <span class='ocr_line' id='line_1_11' title="bbox 178 1130 1143 1210; baseline -0.001 -22"><span class='ocrx_word' id='word_1_88' title='bbox 178 1133 211 1189; x_wconf 91' lang='lat' dir='ltr'>ab</span> <span class='ocrx_word' id='word_1_89' title='bbox 225 1133 311 1208; x_wconf 89' lang='lat' dir='ltr'>ipsius</span> <span class='ocrx_word' id='word_1_90' title='bbox 322 1133 536 1193; x_wconf 80' lang='lat' dir='ltr'>Romanorumre</span> <span class='ocrx_word' id='word_1_91' title='bbox 551 1132 663 1210; x_wconf 75' lang='lat' dir='ltr'>ingenio</span> <span class='ocrx_word' id='word_1_92' title='bbox 677 1133 765 1191; x_wconf 87' lang='lat' dir='ltr'>aliena</span> <span class='ocrx_word' id='word_1_93' title='bbox 777 1141 865 1196; x_wconf 89' lang='lat' dir='ltr'>erant,</span> <span class='ocrx_word' id='word_1_94' title='bbox 880 1141 926 1189; x_wconf 88' lang='lat' dir='ltr'>aut</span> <span class='ocrx_word' id='word_1_95' title='bbox 939 1132 1012 1206; x_wconf 93' lang='lat' dir='ltr'>quod</span> <span class='ocrx_word' id='word_1_96' title='bbox 1027 1147 1082 1188; x_wconf 94' lang='lat' dir='ltr'>nou</span> <span class='ocrx_word' id='word_1_97' title='bbox 1098 1130 1143 1187; x_wconf 88' lang='lat' dir='ltr'>ul·</span> 
     </span>
     <span class='ocr_line' id='line_1_12' title="bbox 178 1209 1142 1293; baseline -0.001 -21"><span class='ocrx_word' id='word_1_98' title='bbox 178 1228 220 1274; x_wconf 84' lang='lat' dir='ltr'>tra</span> <span class='ocrx_word' id='word_1_99' title='bbox 237 1216 373 1292; x_wconf 79' lang='lat' dir='ltr'>attingere</span> <span class='ocrx_word' id='word_1_100' title='bbox 385 1227 509 1282; x_wconf 82' lang='lat' dir='ltr'>externa,</span> <span class='ocrx_word' id='word_1_101' title='bbox 525 1218 579 1276; x_wconf 91' lang='lat' dir='ltr'>nisi</span> <span class='ocrx_word' id='word_1_102' title='bbox 594 1235 647 1293; x_wconf 85' lang='lat' dir='ltr'>qua</span> <span class='ocrx_word' id='word_1_103' title='bbox 663 1217 791 1275; x_wconf 81' lang='lat' dir='ltr'>Romanis</span> <span class='ocrx_word' id='word_1_104' title='bbox 804 1216 982 1273; x_wconf 85' lang='lat' dir='ltr'>cohaererent</span> <span class='ocrx_word' id='word_1_105' title='bbox 996 1215 1079 1273; x_wconf 87' lang='lat' dir='ltr'>rebus</span> <span class='ocrx_word' id='word_1_106' title='bbox 1089 1209 1142 1287; x_wconf 81' lang='lat'>¹⁰³)</span> 
     </span>
     <span class='ocr_line' id='line_1_13' title="bbox 178 1299 1141 1375; baseline -0.002 -18"><span class='ocrx_word' id='word_1_107' title='bbox 178 1307 324 1365; x_wconf 76' lang='lat' dir='ltr'>statuerat,</span> <span class='ocrx_word' id='word_1_108' title='bbox 341 1309 369 1358; x_wconf 88' lang='lat' dir='ltr'>et</span> <span class='ocrx_word' id='word_1_109' title='bbox 386 1303 580 1360; x_wconf 79' lang='lat' dir='ltr'>accuratiorem</span> <span class='ocrx_word' id='word_1_110' title='bbox 603 1319 699 1360; x_wconf 90' lang='lat' dir='ltr'>eurum</span> <span class='ocrx_word' id='word_1_111' title='bbox 720 1299 918 1375; x_wconf 83' lang='lat' dir='ltr'>expositionem</span> <span class='ocrx_word' id='word_1_112' title='bbox 941 1315 997 1356; x_wconf 93' lang='lat' dir='ltr'>non</span> <span class='ocrx_word' id='word_1_113' title='bbox 1014 1315 1141 1356; x_wconf 87' lang='lat' dir='ltr'>necessa·</span> 
     </span>
     <span class='ocr_line' id='line_1_14' title="bbox 177 1381 1141 1460; baseline -0.001 -20"><span class='ocrx_word' id='word_1_114' title='bbox 177 1384 244 1442; x_wconf 88' lang='lat' dir='ltr'>riam</span> <span class='ocrx_word' id='word_1_115' title='bbox 267 1392 314 1441; x_wconf 90' lang='lat' dir='ltr'>aut</span> <span class='ocrx_word' id='word_1_116' title='bbox 336 1386 426 1442; x_wconf 90' lang='lat' dir='ltr'>minus</span> <span class='ocrx_word' id='word_1_117' title='bbox 452 1385 594 1443; x_wconf 90' lang='lat' dir='ltr'>iucundam</span> <span class='ocrx_word' id='word_1_118' title='bbox 622 1385 743 1460; x_wconf 86' lang='lat' dir='ltr'>putabat.</span> <span class='ocrx_word' id='word_1_119' title='bbox 798 1383 826 1439; x_wconf 87' lang='lat' dir='ltr'>Si</span> <span class='ocrx_word' id='word_1_120' title='bbox 853 1400 905 1457; x_wconf 92' lang='lat' dir='ltr'>qua</span> <span class='ocrx_word' id='word_1_121' title='bbox 926 1381 1056 1458; x_wconf 75' lang='lat' dir='ltr'>Polybius</span> <span class='ocrx_word' id='word_1_122' title='bbox 1084 1397 1141 1439; x_wconf 89' lang='lat' dir='ltr'>uon</span> 
     </span>
     <span class='ocr_line' id='line_1_15' title="bbox 178 1466 1141 1546; baseline 0 -24"><span class='ocrx_word' id='word_1_123' title='bbox 178 1468 247 1525; x_wconf 85' lang='lat' dir='ltr'>tanti</span> <span class='ocrx_word' id='word_1_124' title='bbox 261 1467 362 1524; x_wconf 88' lang='lat' dir='ltr'>iecerat</span> <span class='ocrx_word' id='word_1_125' title='bbox 381 1476 413 1525; x_wconf 97' lang='lat' dir='ltr'>ut</span> <span class='ocrx_word' id='word_1_126' title='bbox 433 1477 670 1532; x_wconf 87' lang='lat' dir='ltr'>commemoraret,</span> <span class='ocrx_word' id='word_1_127' title='bbox 688 1467 827 1542; x_wconf 78' lang='lat' dir='ltr'>prodigia,</span> <span class='ocrx_word' id='word_1_128' title='bbox 843 1466 1051 1541; x_wconf 76' lang='lat' dir='ltr'>magistratuum</span> <span class='ocrx_word' id='word_1_129' title='bbox 1065 1483 1141 1546; x_wconf 55' lang='lat' dir='ltr'>ereas</span> 
     </span>
     <span class='ocr_line' id='line_1_16' title="bbox 180 1548 1140 1624; baseline -0.001 -18"><span class='ocrx_word' id='word_1_130' title='bbox 180 1551 281 1613; x_wconf 87' lang='lat' dir='ltr'>tiones,</span> <span class='ocrx_word' id='word_1_131' title='bbox 295 1550 494 1624; x_wconf 84' lang='lat' dir='ltr'>provinciarum</span> <span class='ocrx_word' id='word_1_132' title='bbox 510 1552 685 1615; x_wconf 90' lang='lat' dir='ltr'>sortitiones,</span> <span class='ocrx_word' id='word_1_133' title='bbox 703 1550 868 1614; x_wconf 87' lang='lat' dir='ltr'>sacerdotia,</span> <span class='ocrx_word' id='word_1_134' title='bbox 886 1548 945 1615; x_wconf 86' lang='lat' dir='ltr'>alia,</span> <span class='ocrx_word' id='word_1_135' title='bbox 962 1567 1030 1624; x_wconf 89' lang='lat' dir='ltr'>quae</span> <span class='ocrx_word' id='word_1_136' title='bbox 1048 1559 1096 1608; x_wconf 88' lang='lat' dir='ltr'>aut</span> <span class='ocrx_word' id='word_1_137' title='bbox 1113 1551 1140 1606; x_wconf 88' lang='lat' dir='ltr'>in</span> 
     </span>
     <span class='ocr_line' id='line_1_17' title="bbox 158 1633 1141 1709; baseline 0.004 -23"><span class='ocrx_word' id='word_1_138' title='bbox 158 1667 161 1686; x_wconf 89' lang='lat'>.</span> <span class='ocrx_word' id='word_1_139' title='bbox 179 1641 275 1691; x_wconf 85' lang='lat' dir='ltr'>senatu</span> <span class='ocrx_word' id='word_1_140' title='bbox 293 1643 340 1691; x_wconf 91' lang='lat' dir='ltr'>aut</span> <span class='ocrx_word' id='word_1_141' title='bbox 357 1635 385 1691; x_wconf 87' lang='lat' dir='ltr'>in</span> <span class='ocrx_word' id='word_1_142' title='bbox 404 1635 465 1692; x_wconf 91' lang='lat' dir='ltr'>ioro</span> <span class='ocrx_word' id='word_1_143' title='bbox 481 1644 540 1694; x_wconf 86' lang='lat' dir='ltr'>acta</span> <span class='ocrx_word' id='word_1_144' title='bbox 554 1643 639 1699; x_wconf 91' lang='lat' dir='ltr'>erant,</span> <span class='ocrx_word' id='word_1_145' title='bbox 657 1651 691 1692; x_wconf 80' lang='lat' dir='ltr'>ex</span> <span class='ocrx_word' id='word_1_146' title='bbox 705 1633 766 1691; x_wconf 87' lang='lat' dir='ltr'>aliis</span> <span class='ocrx_word' id='word_1_147' title='bbox 781 1633 961 1709; x_wconf 84' lang='lat' dir='ltr'>scriptoribus</span> <span class='ocrx_word' id='word_1_148' title='bbox 978 1634 1087 1697; x_wconf 86' lang='lat' dir='ltr'>ascivit,</span> <span class='ocrx_word' id='word_1_149' title='bbox 1108 1650 1141 1692; x_wconf 82' lang='lat' dir='ltr'>ex</span> 
     </span>
     <span class='ocr_line' id='line_1_18' title="bbox 178 1717 1141 1794; baseline 0.001 -21"><span class='ocrx_word' id='word_1_150' title='bbox 178 1717 328 1792; x_wconf 82' lang='lat' dir='ltr'>iisdemque</span> <span class='ocrx_word' id='word_1_151' title='bbox 348 1718 419 1775; x_wconf 88' lang='lat' dir='ltr'>baud</span> <span class='ocrx_word' id='word_1_152' title='bbox 433 1736 518 1793; x_wconf 88' lang='lat' dir='ltr'>pauca</span> <span class='ocrx_word' id='word_1_153' title='bbox 533 1718 660 1794; x_wconf 86' lang='lat' dir='ltr'>sumpsit,</span> <span class='ocrx_word' id='word_1_154' title='bbox 680 1734 748 1792; x_wconf 87' lang='lat' dir='ltr'>quac</span> <span class='ocrx_word' id='word_1_155' title='bbox 765 1719 857 1775; x_wconf 86' lang='lat' dir='ltr'>adres</span> <span class='ocrx_word' id='word_1_156' title='bbox 873 1725 965 1791; x_wconf 79' lang='lat' dir='ltr'>gestas</span> <span class='ocrx_word' id='word_1_157' title='bbox 989 1718 1141 1777; x_wconf 86' lang='lat' dir='ltr'>accuratius</span> 
     </span>
     <span class='ocr_line' id='line_1_19' title="bbox 178 1800 1127 1878; baseline 0.001 -21"><span class='ocrx_word' id='word_1_158' title='bbox 178 1801 339 1858; x_wconf 88' lang='lat' dir='ltr'>enarrandas</span> <span class='ocrx_word' id='word_1_159' title='bbox 354 1802 530 1876; x_wconf 87' lang='lat' dir='ltr'>pertinerent.</span> <span class='ocrx_word' id='word_1_160' title='bbox 550 1819 634 1878; x_wconf 90' lang='lat' dir='ltr'>eaque</span> <span class='ocrx_word' id='word_1_161' title='bbox 649 1803 739 1859; x_wconf 89' lang='lat' dir='ltr'>onmia</span> <span class='ocrx_word' id='word_1_162' title='bbox 756 1802 835 1858; x_wconf 89' lang='lat' dir='ltr'>modo</span> <span class='ocrx_word' id='word_1_163' title='bbox 852 1800 997 1859; x_wconf 86' lang='lat' dir='ltr'>artificiose</span> <span class='ocrx_word' id='word_1_164' title='bbox 1013 1819 1073 1859; x_wconf 91' lang='lat' dir='ltr'>curn</span> <span class='ocrx_word' id='word_1_165' title='bbox 1087 1801 1127 1858; x_wconf 92' lang='lat' dir='ltr'>Po</span> 
     </span>
     <span class='ocr_line' id='line_1_20' title="bbox 177 1883 1138 1959; baseline -0.001 -18"><span class='ocrx_word' id='word_1_166' title='bbox 177 1883 291 1959; x_wconf 76' lang='lat' dir='ltr'>lpbianis</span> <span class='ocrx_word' id='word_1_167' title='bbox 312 1886 464 1950; x_wconf 82' lang='lat' dir='ltr'>contexuit,</span> <span class='ocrx_word' id='word_1_168' title='bbox 486 1885 566 1944; x_wconf 89' lang='lat' dir='ltr'>modo</span> <span class='ocrx_word' id='word_1_169' title='bbox 581 1886 643 1944; x_wconf 87' lang='lat' dir='ltr'>data</span> <span class='ocrx_word' id='word_1_170' title='bbox 663 1885 803 1944; x_wconf 86' lang='lat' dir='ltr'>occasione</span> <span class='ocrx_word' id='word_1_171' title='bbox 817 1884 930 1948; x_wconf 80' lang='lat' dir='ltr'>adiecit:</span> <span class='ocrx_word' id='word_1_172' title='bbox 954 1885 1041 1942; x_wconf 87' lang='lat' dir='ltr'>rarius</span> <span class='ocrx_word' id='word_1_173' title='bbox 1058 1901 1072 1941; x_wconf 92' lang='lat' dir='ltr'>a</span> <span class='ocrx_word' id='word_1_174' title='bbox 1089 1885 1138 1941; x_wconf 90' lang='lat' dir='ltr'>Po·</span> 
     </span>
     <span class='ocr_line' id='line_1_21' title="bbox 177 1966 1139 2044; baseline 0.002 -21"><span class='ocrx_word' id='word_1_175' title='bbox 177 1966 251 2043; x_wconf 80' lang='lat' dir='ltr'>lybio</span> <span class='ocrx_word' id='word_1_176' title='bbox 271 1968 434 2027; x_wconf 81' lang='lat' dir='ltr'>dissentiens</span> <span class='ocrx_word' id='word_1_177' title='bbox 455 1969 523 2028; x_wconf 90' lang='lat' dir='ltr'>alios</span> <span class='ocrx_word' id='word_1_178' title='bbox 544 1969 730 2044; x_wconf 86' lang='lat' dir='ltr'>probabiliora</span> <span class='ocrx_word' id='word_1_179' title='bbox 750 1968 891 2025; x_wconf 90' lang='lat' dir='ltr'>tradidisse</span> <span class='ocrx_word' id='word_1_180' title='bbox 913 1971 1018 2026; x_wconf 86' lang='lat' dir='ltr'>statuit.</span> <span class='ocrx_word' id='word_1_181' title='bbox 1050 1969 1079 2024; x_wconf 91' lang='lat' dir='ltr'>lu</span> <span class='ocrx_word' id='word_1_182' title='bbox 1097 1967 1139 2025; x_wconf 92' lang='lat' dir='ltr'>bis</span> 
     </span>
     <span class='ocr_line' id='line_1_22' title="bbox 176 2051 1134 2126; baseline -0.001 -16"><span class='ocrx_word' id='word_1_183' title='bbox 176 2059 282 2115; x_wconf 86' lang='lat' dir='ltr'>autem,</span> <span class='ocrx_word' id='word_1_184' title='bbox 304 2052 338 2108; x_wconf 93' lang='lat' dir='ltr'>de</span> <span class='ocrx_word' id='word_1_185' title='bbox 358 2052 455 2126; x_wconf 89' lang='lat' dir='ltr'>quibus</span> <span class='ocrx_word' id='word_1_186' title='bbox 474 2053 546 2110; x_wconf 88' lang='lat' dir='ltr'>inter</span> <span class='ocrx_word' id='word_1_187' title='bbox 563 2063 672 2111; x_wconf 87' lang='lat' dir='ltr'>autores</span> <span class='ocrx_word' id='word_1_188' title='bbox 691 2068 747 2109; x_wconf 90' lang='lat' dir='ltr'>nou</span> <span class='ocrx_word' id='word_1_189' title='bbox 768 2051 945 2110; x_wconf 87' lang='lat' dir='ltr'>conveniebat</span> <span class='ocrx_word' id='word_1_190' title='bbox 963 2052 1134 2110; x_wconf 76' lang='lat' dir='ltr'>diiudicarit</span> 
     </span>
     <span class='ocr_line' id='line_1_23' title="bbox 175 2135 1136 2211; baseline -0.003 -16"><span class='ocrx_word' id='word_1_191' title='bbox 175 2135 264 2208; x_wconf 75' lang='lat' dir='ltr'>magis</span> <span class='ocrx_word' id='word_1_192' title='bbox 278 2135 470 2193; x_wconf 87' lang='lat' dir='ltr'>divinationem</span> <span class='ocrx_word' id='word_1_193' title='bbox 485 2136 616 2211; x_wconf 88' lang='lat' dir='ltr'>quandam</span> <span class='ocrx_word' id='word_1_194' title='bbox 636 2136 692 2194; x_wconf 90' lang='lat' dir='ltr'>veri</span> <span class='ocrx_word' id='word_1_195' title='bbox 713 2144 741 2193; x_wconf 88' lang='lat' dir='ltr'>ct</span> <span class='ocrx_word' id='word_1_196' title='bbox 755 2136 873 2192; x_wconf 86' lang='lat' dir='ltr'>nativum</span> <span class='ocrx_word' id='word_1_197' title='bbox 889 2136 956 2194; x_wconf 88' lang='lat' dir='ltr'>recti</span> <span class='ocrx_word' id='word_1_198' title='bbox 973 2152 1083 2195; x_wconf 86' lang='lat' dir='ltr'>sensum</span> <span class='ocrx_word' id='word_1_199' title='bbox 1098 2153 1136 2192; x_wconf 76' lang='lat' dir='ltr'>so</span> 
     </span>
     <span class='ocr_line' id='line_1_24' title="bbox 176 2219 1138 2294; baseline 0.001 -20"><span class='ocrx_word' id='word_1_200' title='bbox 176 2220 280 2294; x_wconf 89' lang='lat' dir='ltr'>quitur,</span> <span class='ocrx_word' id='word_1_201' title='bbox 297 2237 377 2293; x_wconf 82' lang='lat' dir='ltr'>quarn</span> <span class='ocrx_word' id='word_1_202' title='bbox 393 2219 447 2276; x_wconf 89' lang='lat' dir='ltr'>acri</span> <span class='ocrx_word' id='word_1_203' title='bbox 464 2229 491 2276; x_wconf 87' lang='lat' dir='ltr'>et</span> <span class='ocrx_word' id='word_1_204' title='bbox 505 2227 630 2278; x_wconf 87' lang='lat' dir='ltr'>accurata</span> <span class='ocrx_word' id='word_1_205' title='bbox 647 2235 739 2277; x_wconf 86' lang='lat' dir='ltr'>rerum</span> <span class='ocrx_word' id='word_1_206' title='bbox 753 2219 1032 2294; x_wconf 86' lang='lat' dir='ltr'>documentorumque</span> <span class='ocrx_word' id='word_1_207' title='bbox 1045 2222 1138 2294; x_wconf 81' lang='lat' dir='ltr'>cogni·</span> 
     </span>
     <span class='ocr_line' id='line_1_25' title="bbox 180 2301 1139 2377; baseline 0.001 -18"><span class='ocrx_word' id='word_1_208' title='bbox 180 2301 254 2359; x_wconf 86' lang='lat' dir='ltr'>tione</span> <span class='ocrx_word' id='word_1_209' title='bbox 267 2303 360 2359; x_wconf 88' lang='lat' dir='ltr'>adiuto</span> <span class='ocrx_word' id='word_1_210' title='bbox 375 2311 403 2359; x_wconf 89' lang='lat' dir='ltr'>et</span> <span class='ocrx_word' id='word_1_211' title='bbox 414 2303 560 2361; x_wconf 84' lang='lat' dir='ltr'>exercitato</span> <span class='ocrx_word' id='word_1_212' title='bbox 572 2311 732 2377; x_wconf 85' lang='lat' dir='ltr'>maturoque</span> <span class='ocrx_word' id='word_1_213' title='bbox 746 2303 860 2366; x_wconf 81' lang='lat' dir='ltr'>iudicio:</span> <span class='ocrx_word' id='word_1_214' title='bbox 876 2303 1021 2376; x_wconf 86' lang='lat' dir='ltr'>plurimum</span> <span class='ocrx_word' id='word_1_215' title='bbox 1034 2302 1139 2368; x_wconf 87' lang='lat' dir='ltr'>tribuit,</span> 
     </span>
     <span class='ocr_line' id='line_1_26' title="bbox 180 2386 1139 2461; baseline 0 -19"><span class='ocrx_word' id='word_1_216' title='bbox 180 2393 307 2460; x_wconf 88' lang='lat' dir='ltr'>utsupra</span> <span class='ocrx_word' id='word_1_217' title='bbox 327 2386 429 2443; x_wconf 89' lang='lat' dir='ltr'>dictum</span> <span class='ocrx_word' id='word_1_218' title='bbox 442 2396 497 2450; x_wconf 87' lang='lat' dir='ltr'>est,</span> <span class='ocrx_word' id='word_1_219' title='bbox 516 2388 680 2461; x_wconf 92' lang='lat' dir='ltr'>scriptorum</span> <span class='ocrx_word' id='word_1_220' title='bbox 695 2387 778 2443; x_wconf 86' lang='lat' dir='ltr'>aetati</span> <span class='ocrx_word' id='word_1_221' title='bbox 794 2395 822 2443; x_wconf 91' lang='lat' dir='ltr'>et</span> <span class='ocrx_word' id='word_1_222' title='bbox 837 2387 1022 2461; x_wconf 82' lang='lat' dir='ltr'>antiquiorum</span> <span class='ocrx_word' id='word_1_223' title='bbox 1038 2388 1139 2444; x_wconf 90' lang='lat' dir='ltr'>autori-</span> 
     </span>
     <span class='ocr_line' id='line_1_27' title="bbox 180 2467 1140 2546; baseline 0.004 -22"><span class='ocrx_word' id='word_1_224' title='bbox 180 2477 235 2526; x_wconf 89' lang='lat' dir='ltr'>tate</span> <span class='ocrx_word' id='word_1_225' title='bbox 249 2467 410 2544; x_wconf 88' lang='lat' dir='ltr'>plerumquc</span> <span class='ocrx_word' id='word_1_226' title='bbox 426 2469 548 2546; x_wconf 89' lang='lat' dir='ltr'>reliquos</span> <span class='ocrx_word' id='word_1_227' title='bbox 559 2470 670 2534; x_wconf 84' lang='lat' dir='ltr'>refellit,</span> <span class='ocrx_word' id='word_1_228' title='bbox 685 2469 737 2527; x_wconf 91' lang='lat' dir='ltr'>alia</span> <span class='ocrx_word' id='word_1_229' title='bbox 751 2469 917 2527; x_wconf 78' lang='lat' dir='ltr'>calocerum</span> <span class='ocrx_word' id='word_1_230' title='bbox 933 2479 1140 2546; x_wconf 88' lang='lat' dir='ltr'>temporumque</span> 
     </span>
     <span class='ocr_line' id='line_1_28' title="bbox 179 2552 1140 2618; baseline 0.002 -8"><span class='ocrx_word' id='word_1_231' title='bbox 179 2552 330 2610; x_wconf 89' lang='lat' dir='ltr'>rationibus</span> <span class='ocrx_word' id='word_1_232' title='bbox 347 2562 393 2610; x_wconf 90' lang='lat' dir='ltr'>aut</span> <span class='ocrx_word' id='word_1_233' title='bbox 411 2554 551 2612; x_wconf 90' lang='lat' dir='ltr'>hominum</span> <span class='ocrx_word' id='word_1_234' title='bbox 571 2555 693 2612; x_wconf 89' lang='lat' dir='ltr'>consiliis</span> <span class='ocrx_word' id='word_1_235' title='bbox 713 2563 741 2612; x_wconf 91' lang='lat' dir='ltr'>et</span> <span class='ocrx_word' id='word_1_236' title='bbox 756 2555 853 2611; x_wconf 89' lang='lat' dir='ltr'>studiis</span> <span class='ocrx_word' id='word_1_237' title='bbox 874 2555 987 2618; x_wconf 90' lang='lat' dir='ltr'>iudicat,</span> <span class='ocrx_word' id='word_1_238' title='bbox 1005 2555 1140 2612; x_wconf 88' lang='lat' dir='ltr'>interdum</span> 
     </span>
     <span class='ocr_line' id='line_1_29' title="bbox 179 2632 1128 2713; baseline 0.003 -21"><span class='ocrx_word' id='word_1_239' title='bbox 179 2634 281 2709; x_wconf 89' lang='lat' dir='ltr'>aliquid</span> <span class='ocrx_word' id='word_1_240' title='bbox 301 2654 329 2694; x_wconf 88' lang='lat' dir='ltr'>sc</span> <span class='ocrx_word' id='word_1_241' title='bbox 343 2636 423 2695; x_wconf 89' lang='lat' dir='ltr'>malle</span> <span class='ocrx_word' id='word_1_242' title='bbox 437 2655 530 2696; x_wconf 88' lang='lat' dir='ltr'>verum</span> <span class='ocrx_word' id='word_1_243' title='bbox 551 2656 611 2696; x_wconf 90' lang='lat' dir='ltr'>esse</span> <span class='ocrx_word' id='word_1_244' title='bbox 631 2632 805 2711; x_wconf 77' lang='lat' dir='ltr'>latetur¹⁰⁴J,</span> <span class='ocrx_word' id='word_1_245' title='bbox 822 2640 930 2713; x_wconf 88' lang='lat' dir='ltr'>saepius</span> <span class='ocrx_word' id='word_1_246' title='bbox 945 2639 1064 2696; x_wconf 84' lang='lat' dir='ltr'>diversas</span> <span class='ocrx_word' id='word_1_247' title='bbox 1079 2655 1128 2695; x_wconf 88' lang='lat' dir='ltr'>nar</span> 
     </span>
     <span class='ocr_line' id='line_1_30' title="bbox 179 2719 1130 2796; baseline 0.004 -21"><span class='ocrx_word' id='word_1_248' title='bbox 179 2721 299 2776; x_wconf 89' lang='lat' dir='ltr'>rationes</span> <span class='ocrx_word' id='word_1_249' title='bbox 313 2719 437 2777; x_wconf 91' lang='lat' dir='ltr'>attulisse</span> <span class='ocrx_word' id='word_1_250' title='bbox 454 2731 613 2784; x_wconf 87' lang='lat' dir='ltr'>contentus,</span> <span class='ocrx_word' id='word_1_251' title='bbox 635 2723 662 2778; x_wconf 94' lang='lat' dir='ltr'>id</span> <span class='ocrx_word' id='word_1_252' title='bbox 676 2723 750 2796; x_wconf 91' lang='lat' dir='ltr'>quod</span> <span class='ocrx_word' id='word_1_253' title='bbox 766 2723 845 2779; x_wconf 88' lang='lat' dir='ltr'>etiarn</span> <span class='ocrx_word' id='word_1_254' title='bbox 861 2741 877 2779; x_wconf 92' lang='lat' dir='ltr'>a</span> <span class='ocrx_word' id='word_1_255' title='bbox 892 2721 1058 2791; x_wconf 80' lang='lat' dir='ltr'>Quintiliano</span> <span class='ocrx_word' id='word_1_256' title='bbox 1075 2724 1130 2779; x_wconf 89' lang='lat' dir='ltr'>lust</span> 
     </span>
     <span class='ocr_line' id='line_1_31' title="bbox 180 2802 1137 2870; baseline 0.003 -11"><span class='ocrx_word' id='word_1_257' title='bbox 180 2818 221 2859; x_wconf 89' lang='lat' dir='ltr'>or.</span> <span class='ocrx_word' id='word_1_258' title='bbox 235 2802 269 2866; x_wconf 86' lang='lat' dir='ltr'>lt.</span> <span class='ocrx_word' id='word_1_259' title='bbox 285 2810 313 2867; x_wconf 80' lang='lat'>4.</span> <span class='ocrx_word' id='word_1_260' title='bbox 329 2810 363 2865; x_wconf 85' lang='lat'>19</span> <span class='ocrx_word' id='word_1_261' title='bbox 388 2804 558 2863; x_wconf 84' lang='lat' dir='ltr'>observatum</span> <span class='ocrx_word' id='word_1_262' title='bbox 580 2817 635 2870; x_wconf 91' lang='lat' dir='ltr'>cst,</span> <span class='ocrx_word' id='word_1_263' title='bbox 658 2814 720 2863; x_wconf 90' lang='lat' dir='ltr'>utra</span> <span class='ocrx_word' id='word_1_264' title='bbox 738 2806 828 2863; x_wconf 89' lang='lat' dir='ltr'>verior</span> <span class='ocrx_word' id='word_1_265' title='bbox 850 2807 887 2864; x_wconf 89' lang='lat' dir='ltr'>sit</span> <span class='ocrx_word' id='word_1_266' title='bbox 901 2806 1016 2864; x_wconf 89' lang='lat' dir='ltr'>dubitat.</span> <span class='ocrx_word' id='word_1_267' title='bbox 1047 2807 1137 2864; x_wconf 86' lang='lat' dir='ltr'>Omnia</span> 
     </span>
    </p>
   </div>
   <div class='ocr_carea' id='block_1_3' title="bbox 179 2887 1139 3129">
    <p class='ocr_par' dir='ltr' id='par_1_3' title="bbox 179 2887 1139 3129">
     <span class='ocr_line' id='line_1_32' title="bbox 179 2887 1139 2966; baseline 0.004 -24"><span class='ocrx_word' id='word_1_268' title='bbox 179 2892 278 2950; x_wconf 89' lang='lat' dir='ltr'>autom,</span> <span class='ocrx_word' id='word_1_269' title='bbox 294 2902 363 2960; x_wconf 89' lang='lat' dir='ltr'>quae</span> <span class='ocrx_word' id='word_1_270' title='bbox 378 2888 406 2944; x_wconf 91' lang='lat' dir='ltr'>in</span> <span class='ocrx_word' id='word_1_271' title='bbox 419 2887 471 2946; x_wconf 88' lang='lat' dir='ltr'>boc</span> <span class='ocrx_word' id='word_1_272' title='bbox 488 2890 641 2964; x_wconf 79' lang='lat' dir='ltr'>generead</span> <span class='ocrx_word' id='word_1_273' title='bbox 655 2907 699 2948; x_wconf 89' lang='lat' dir='ltr'>res</span> <span class='ocrx_word' id='word_1_274' title='bbox 714 2899 806 2965; x_wconf 75' lang='lat' dir='ltr'>gestas</span> <span class='ocrx_word' id='word_1_275' title='bbox 823 2891 905 2955; x_wconf 87' lang='lat' dir='ltr'>addit,</span> <span class='ocrx_word' id='word_1_276' title='bbox 920 2891 958 2948; x_wconf 87' lang='lat' dir='ltr'>ita</span> <span class='ocrx_word' id='word_1_277' title='bbox 971 2891 1091 2966; x_wconf 84' lang='lat' dir='ltr'>exponit,</span> <span class='ocrx_word' id='word_1_278' title='bbox 1109 2900 1139 2946; x_wconf 87' lang='lat' dir='ltr'>ut</span> 
     </span>
     <span class='ocr_line' id='line_1_33' title="bbox 180 2969 1137 3049; baseline 0.004 -22"><span class='ocrx_word' id='word_1_279' title='bbox 180 2985 239 3027; x_wconf 89' lang='lat' dir='ltr'>cum</span> <span class='ocrx_word' id='word_1_280' title='bbox 252 2969 306 3025; x_wconf 90' lang='lat' dir='ltr'>illis</span> <span class='ocrx_word' id='word_1_281' title='bbox 317 2971 445 3028; x_wconf 88' lang='lat' dir='ltr'>conlundi</span> <span class='ocrx_word' id='word_1_282' title='bbox 459 2973 637 3048; x_wconf 87' lang='lat' dir='ltr'>nonpossint.</span> <span class='ocrx_word' id='word_1_283' title='bbox 652 2983 680 3031; x_wconf 89' lang='lat' dir='ltr'>et</span> <span class='ocrx_word' id='word_1_284' title='bbox 689 2989 791 3032; x_wconf 88' lang='lat' dir='ltr'>summa</span> <span class='ocrx_word' id='word_1_285' title='bbox 807 2974 906 3049; x_wconf 89' lang='lat' dir='ltr'>ubique</span> <span class='ocrx_word' id='word_1_286' title='bbox 921 2975 1051 3033; x_wconf 85' lang='lat' dir='ltr'>modestia</span> <span class='ocrx_word' id='word_1_287' title='bbox 1063 2991 1137 3032; x_wconf 88' lang='lat' dir='ltr'>suam</span> 
     </span>
     <span class='ocr_line' id='line_1_34' title="bbox 180 3051 531 3129; baseline 0.011 -20"><span class='ocrx_word' id='word_1_288' title='bbox 180 3055 341 3111; x_wconf 86' lang='lat' dir='ltr'>sententiam</span> <span class='ocrx_word' id='word_1_289' title='bbox 358 3055 464 3129; x_wconf 79' lang='lat' dir='ltr'>profert</span> <span class='ocrx_word' id='word_1_290' title='bbox 472 3051 531 3129; x_wconf 83' lang='lat'><strong>¹⁰⁵).</strong></span> 
     </span>
    </p>
   </div>
   <div class='ocr_carea' id='block_1_4' title="bbox 184 3167 384 3178">
    <p class='ocr_par' dir='ltr' id='par_1_4' title="bbox 184 3167 384 3178">
     <span class='ocr_line' id='line_1_35' title="bbox 184 3167 384 3178; baseline 0.005 -1"><span class='ocrx_word' id='word_1_291' title='bbox 184 3167 384 3178; x_wconf 48' lang='lat' dir='ltr'>-n---n--u—-m-</span> 
     </span>
    </p>
   </div>
   <div class='ocr_carea' id='block_1_5' title="bbox 180 3217 1137 3557">
    <p class='ocr_par' dir='ltr' id='par_1_5' title="bbox 250 3217 1088 3282">
     <span class='ocr_line' id='line_1_36' title="bbox 250 3217 1088 3282; baseline 0.004 -14"><span class='ocrx_word' id='word_1_292' title='bbox 250 3217 307 3280; x_wconf 82' lang='lat'>103)</span> <span class='ocrx_word' id='word_1_293' title='bbox 320 3220 420 3281; x_wconf 79' lang='lat' dir='ltr'>xlxix,</span> <span class='ocrx_word' id='word_1_294' title='bbox 432 3221 473 3279; x_wconf 81' lang='lat'>48,</span> <span class='ocrx_word' id='word_1_295' title='bbox 485 3220 514 3277; x_wconf 76' lang='grc' dir='ltr'>ὅς</span> <span class='ocrx_word' id='word_1_296' title='bbox 527 3223 584 3280; x_wconf 84' lang='lat' dir='ltr'>llll,</span> <span class='ocrx_word' id='word_1_297' title='bbox 596 3223 637 3281; x_wconf 78' lang='lat'>25,</span> <span class='ocrx_word' id='word_1_298' title='bbox 649 3221 678 3280; x_wconf 81' lang='lat'>8;</span> <span class='ocrx_word' id='word_1_299' title='bbox 695 3225 773 3282; x_wconf 82' lang='lat' dir='ltr'>lilllll,</span> <span class='ocrx_word' id='word_1_300' title='bbox 785 3222 827 3280; x_wconf 81' lang='lat'>20,</span> <span class='ocrx_word' id='word_1_301' title='bbox 839 3223 868 3281; x_wconf 79' lang='grc'>5;</span> <span class='ocrx_word' id='word_1_302' title='bbox 881 3224 981 3278; x_wconf 78' lang='lat' dir='ltr'>xxxttt.</span> <span class='ocrx_word' id='word_1_303' title='bbox 993 3220 1035 3280; x_wconf 75' lang='lat'>29,</span> <span class='ocrx_word' id='word_1_304' title='bbox 1050 3220 1088 3272; x_wconf 77' lang='lat' dir='ltr'>id.</span> 
     </span>
    </p>

    <p class='ocr_par' dir='ltr' id='par_1_6' title="bbox 249 3284 1003 3352">
     <span class='ocr_line' id='line_1_37' title="bbox 249 3284 1003 3352; baseline 0.008 -18"><span class='ocrx_word' id='word_1_305' title='bbox 249 3284 307 3347; x_wconf 84' lang='lat' dir='ltr'>tot)</span> <span class='ocrx_word' id='word_1_306' title='bbox 321 3287 370 3338; x_wconf 84' lang='lat' dir='ltr'>Vid.</span> <span class='ocrx_word' id='word_1_307' title='bbox 384 3289 455 3340; x_wconf 85' lang='lat' dir='ltr'>Fabri</span> <span class='ocrx_word' id='word_1_308' title='bbox 468 3297 490 3340; x_wconf 83' lang='lat' dir='ltr'>et</span> <span class='ocrx_word' id='word_1_309' title='bbox 501 3290 652 3352; x_wconf 76' lang='lat' dir='ltr'>Heerwageni</span> <span class='ocrx_word' id='word_1_310' title='bbox 664 3291 743 3341; x_wconf 86' lang='lat' dir='ltr'>adnot.</span> <span class='ocrx_word' id='word_1_311' title='bbox 757 3292 787 3342; x_wconf 87' lang='lat' dir='ltr'>ad</span> <span class='ocrx_word' id='word_1_312' title='bbox 799 3293 825 3341; x_wconf 90' lang='lat' dir='ltr'>L.</span> <span class='ocrx_word' id='word_1_313' title='bbox 839 3291 897 3347; x_wconf 79' lang='lat' dir='ltr'>xxi,</span> <span class='ocrx_word' id='word_1_314' title='bbox 909 3287 950 3346; x_wconf 81' lang='lat' dir='ltr'>ed.</span> <span class='ocrx_word' id='word_1_315' title='bbox 964 3287 1003 3340; x_wconf 90' lang='grc'>10.</span> 
     </span>
    </p>

    <p class='ocr_par' dir='ltr' id='par_1_7' title="bbox 180 3349 1137 3557">
     <span class='ocr_line' id='line_1_38' title="bbox 251 3349 1137 3419; baseline 0.005 -17"><span class='ocrx_word' id='word_1_316' title='bbox 251 3349 308 3416; x_wconf 81' lang='lat' dir='ltr'>loa)</span> <span class='ocrx_word' id='word_1_317' title='bbox 321 3353 356 3410; x_wconf 76' lang='lat' dir='ltr'>ll&#39;,</span> <span class='ocrx_word' id='word_1_318' title='bbox 369 3353 410 3414; x_wconf 81' lang='lat'>20,</span> <span class='ocrx_word' id='word_1_319' title='bbox 423 3354 468 3406; x_wconf 89' lang='lat'>11:</span> <span class='ocrx_word' id='word_1_320' title='bbox 481 3371 508 3406; x_wconf 84' lang='lat' dir='ltr'>ea</span> <span class='ocrx_word' id='word_1_321' title='bbox 520 3357 594 3408; x_wconf 85' lang='lat' dir='ltr'>libera</span> <span class='ocrx_word' id='word_1_322' title='bbox 606 3357 740 3408; x_wconf 61' lang='lat' dir='ltr'>conlectura</span> <span class='ocrx_word' id='word_1_323' title='bbox 753 3368 801 3416; x_wconf 64' lang='lat' dir='ltr'>esta</span> <span class='ocrx_word' id='word_1_324' title='bbox 812 3359 854 3409; x_wconf 90' lang='lat' dir='ltr'>sed</span> <span class='ocrx_word' id='word_1_325' title='bbox 865 3365 889 3407; x_wconf 90' lang='lat' dir='ltr'>ut</span> <span class='ocrx_word' id='word_1_326' title='bbox 901 3372 944 3419; x_wconf 74' lang='lat' dir='ltr'>ego</span> <span class='ocrx_word' id='word_1_327' title='bbox 957 3357 1067 3413; x_wconf 87' lang='lat' dir='ltr'>arbitror,</span> <span class='ocrx_word' id='word_1_328' title='bbox 1081 3371 1137 3406; x_wconf 79' lang='lat' dir='ltr'>rnna</span> 
     </span>
     <span class='ocr_line' id='line_1_39' title="bbox 180 3421 1137 3488; baseline 0.002 -16"><span class='ocrx_word' id='word_1_329' title='bbox 180 3434 274 3472; x_wconf 70' lang='lat' dir='ltr'>armare</span> <span class='ocrx_word' id='word_1_330' title='bbox 286 3421 310 3471; x_wconf 88' lang='lat' dir='ltr'>iu</span> <span class='ocrx_word' id='word_1_331' title='bbox 322 3435 404 3472; x_wconf 88' lang='lat' dir='ltr'>omues</span> <span class='ocrx_word' id='word_1_332' title='bbox 416 3425 620 3488; x_wconf 83' lang='lat' dir='ltr'>opiniones.licet;</span> <span class='ocrx_word' id='word_1_333' title='bbox 638 3424 678 3482; x_wconf 84' lang='lat' dir='ltr'>ll,</span> <span class='ocrx_word' id='word_1_334' title='bbox 692 3423 735 3482; x_wconf 81' lang='lat' dir='ltr'>te.</span> <span class='ocrx_word' id='word_1_335' title='bbox 749 3424 778 3476; x_wconf 80' lang='lat'>³:</span> <span class='ocrx_word' id='word_1_336' title='bbox 796 3426 863 3476; x_wconf 84' lang='lat' dir='ltr'>euius</span> <span class='ocrx_word' id='word_1_337' title='bbox 880 3425 974 3476; x_wconf 87' lang='lat' dir='ltr'>tandem</span> <span class='ocrx_word' id='word_1_338' title='bbox 986 3438 1029 3485; x_wconf 75' lang='lat' dir='ltr'>ego</span> <span class='ocrx_word' id='word_1_339' title='bbox 1041 3425 1075 3474; x_wconf 88' lang='lat' dir='ltr'>rei</span> <span class='ocrx_word' id='word_1_340' title='bbox 1087 3426 1137 3488; x_wconf 87' lang='lat' dir='ltr'>opi·</span> 
     </span>
     <span class='ocr_line' id='line_1_40' title="bbox 181 3488 1125 3557; baseline -0.001 -16"><span class='ocrx_word' id='word_1_341' title='bbox 181 3488 282 3546; x_wconf 83' lang='lat' dir='ltr'>trionem,</span> <span class='ocrx_word' id='word_1_342' title='bbox 295 3503 353 3555; x_wconf 81' lang='lat' dir='ltr'>quae</span> <span class='ocrx_word' id='word_1_343' title='bbox 365 3505 407 3540; x_wconf 84' lang='lat' dir='ltr'>sua</span> <span class='ocrx_word' id='word_1_344' title='bbox 419 3491 502 3555; x_wconf 88' lang='lat' dir='ltr'>cuique</span> <span class='ocrx_word' id='word_1_345' title='bbox 514 3491 655 3542; x_wconf 85' lang='lat' dir='ltr'>coniectanti</span> <span class='ocrx_word' id='word_1_346' title='bbox 668 3507 720 3543; x_wconf 87' lang='lat' dir='ltr'>osse</span> <span class='ocrx_word' id='word_1_347' title='bbox 731 3500 813 3557; x_wconf 84' lang='lat' dir='ltr'>potest,</span> <span class='ocrx_word' id='word_1_348' title='bbox 826 3500 893 3543; x_wconf 87' lang='lat' dir='ltr'>autor</span> <span class='ocrx_word' id='word_1_349' title='bbox 904 3494 966 3543; x_wconf 82' lang='lat' dir='ltr'>simi</span> <span class='ocrx_word' id='word_1_350' title='bbox 977 3492 1055 3550; x_wconf 87' lang='lat' dir='ltr'>lllllll,</span> <span class='ocrx_word' id='word_1_351' title='bbox 1064 3489 1125 3546; x_wconf 72' lang='lat' dir='ltr'>lau</span> 
     </span>
    </p>
   </div>
   <div class='ocr_carea' id='block_1_6' title="bbox 0 0 1266 3954">
    <p class='ocr_par' dir='ltr' id='par_1_8' title="bbox 0 0 1266 3954">
     <span class='ocr_line' id='line_1_41' title="bbox 0 0 1266 3954; baseline 0 0"><span class='ocrx_word' id='word_1_352' title='bbox 0 0 1266 3954; x_wconf 95' lang='lat' dir='ltr'> </span> 
     </span>
    </p>
   </div>
  </div>
 </body>
</html>
