2534 3956
201 193 264 260 800
358 213 453 258 omna
468 215 499 257 r.
526 214 596 257 orn.
610 205 654 260 43.
670 205 717 258 44:
729 204 772 259 45.
799 195 839 274 [a.
854 215 884 254 n.
901 213 918 254 c
942 190 1005 269 sor]

166 367 184 418 8
200 358 305 422 fortius
319 378 437 439 semper
448 338 536 441 quam
549 361 665 425 felicius
676 363 850 439 gessissent,
867 367 990 438 repente
1001 358 1081 420 audit
1091 359 1161 422 Gai.

200 442 299 505 torum
314 447 477 507 exercitum
497 445 654 509 adventare
671 450 759 523 atque
776 444 812 506 de
830 461 866 505 eo
881 443 1002 521 pavidos
1015 441 1165 504 Ardeates
1252 438 1253 486 t

201 527 380 591 consultare.
411 546 468 590 nec
486 547 574 590 secus
593 547 682 608 quam
706 528 805 588 divino
825 527 932 606 optrito
954 532 1067 595 tactus,
1091 543 1165 586 cnm

201 632 233 674 se
247 613 278 672 in
293 611 419 673 medum
435 613 604 675 contionem
618 610 782 680 intulisset,
807 608 958 672 obstinere
973 615 1075 670 suetus
1091 613 1165 669 anta

201 694 310 756 talibus
328 694 477 757 conciliis:

169 785 183 837 1
263 778 359 840 XLIV.
390 780 571 851 ,Ardeates‘
587 780 698 858 inquit,
714 785 849 848 ,peteres
864 777 968 848 amici,
989 776 1058 836 nori
1072 776 1163 837 etiam
1253 791 1254 828 t

202 864 281 924 eires
295 863 371 932 mei,
388 864 506 941 quanm
521 870 551 924 et
564 868 696 923 vestrum
714 861 891 922 beneficium
905 858 1040 929 itendit,
1059 858 1165 920 etior·
1253 871 1254 876 ¹

202 953 274 1007 tuna
288 945 346 1006 hoo
363 947 424 1024 egit
436 963 517 1016 mea,
536 963 624 1007 nemo
637 952 769 1007 restrum
785 945 971 1006 condicionis
985 959 1069 1004 meae
1085 940 1163 1002 obli·
1254 944 1255 982 1

203 1035 266 1090 tum
291 1046 338 1090 me
359 1027 418 1090 huc
444 1029 628 1108 processisse
648 1035 740 1108 putet
780 1029 834 1090 sed
858 1045 907 1089 res
932 1045 968 1088 ac
993 1023 1165 1105 periculum
1254 1019 1255 1050 ³

203 1113 468 1190 ⁰⁰1¹¹¹¹¹¹¹¹¹0⁰⁰r¹t
490 1113 568 1192 quod
586 1114 710 1192 quisque
726 1113 820 1190 possit
840 1113 872 1171 in
894 1128 928 1172 re
943 1108 1059 1189 trepida
1074 1125 1165 1188 prae·

169 1206 186 1254 a
203 1196 272 1257 sidii
286 1197 318 1256 in
332 1196 463 1258 medium
479 1197 626 1258 conterre.
659 1202 690 1257 et
700 1197 817 1274 quando
834 1212 888 1273 ego
902 1193 987 1255 vohis
1001 1197 1057 1272 p'ro
1071 1193 1164 1252 tantis
1255 1198 1256 1272 t

203 1280 309 1341 vestris
324 1281 356 1340 in
370 1297 419 1342 me
429 1281 544 1342 meritis
559 1281 683 1358 gratiam
693 1279 838 1348 referam,
854 1279 881 1339 si
891 1295 972 1338 nunc
987 1275 1166 1338 cessavero!
1255 1279 1256 1310 f

203 1371 254 1424 aut
268 1362 321 1423 ubi
340 1381 412 1425 ustus
433 1365 490 1424 erit
507 1365 568 1426 mei
589 1362 689 1434 vobis,
711 1361 876 1422 cimbello
893 1378 954 1422 non
969 1359 1078 1421 fueriti
1105 1357 1165 1419 hac

203 1453 267 1508 arte
283 1449 316 1507 in
330 1448 424 1525 patria
440 1448 523 1517 steti,
540 1454 568 1508 et
583 1447 708 1507 invictus
724 1445 818 1515 hello,
844 1447 876 1504 in
891 1462 965 1523 pace
982 1446 1018 1504 ab
1036 1443 1165 1520 ingratis
1256 1450 1257 1512 t

145 1524 149 1530 '
169 1533 187 1586 s
204 1530 318 1591 civibus
328 1528 432 1607 pulsus
442 1547 517 1591 sum.
541 1529 624 1590 robis
637 1536 750 1598 autem,
762 1528 918 1598 Ardeates,
931 1528 1051 1588 iortuna
1065 1523 1165 1586 oblata

205 1618 250 1674 est
276 1619 306 1674 et
329 1631 385 1692 pro
412 1615 499 1677 tantis
526 1609 686 1694 [pristinis]
714 1611 818 1691 populi
842 1611 967 1673 Romani
998 1608 1162 1677 beneflciis,

204 1701 313 1775 quanta
327 1697 385 1774 ipsi
404 1697 630 1758 meministis-
649 1713 706 1758 nec
724 1697 803 1757 enim
819 1693 1025 1775 exprobranda
1036 1710 1072 1754 ea
1084 1692 1165 1770 apud

203 1797 352 1840 memores
366 1786 435 1840 sunt
449 1813 498 1851 -,
516 1781 628 1858 gratiae
644 1779 835 1850 referendae,
853 1784 883 1840 et
898 1778 970 1839 huic
986 1775 1057 1838 urbi
1072 1775 1165 1836 decus

46 1927 48 1931 ,
169 1863 309 1940 tingens
320 1861 391 1922 belli
402 1881 437 1924 ex
448 1861 534 1925 hoste
546 1864 695 1925 communi
706 1862 849 1941 pariendi
879 1863 931 1940 qut
941 1860 1035 1922 effuso
1046 1860 1166 1937 agmine

204 1945 376 2016 adventant,
403 1962 476 2023 gens
494 1955 554 2018 est,
572 1949 621 2008 cui
635 1953 741 2008 natura
763 1963 890 2024 corpora
912 1945 1087 2022 animosque
1101 1961 1165 2002 ma·

204 2045 262 2106 gne
273 2030 366 2105 magis
378 2046 467 2108 quam
477 2031 563 2092 firma
578 2030 700 2092 dederit.
732 2031 814 2091 eoin
829 2033 980 2090 certamen
993 2043 1081 2087 omno
1095 2024 1166 2104 plus

169 2111 329 2174 stomorls
346 2129 435 2190 quam
455 2115 563 2174 virium
584 2114 692 2175 ferunt.
725 2118 899 2190 argumento
921 2112 960 2172 sit
981 2109 1081 2171 clades
1103 2107 1165 2170 Ro·

204 2213 306 2256 mana:
324 2203 474 2274 patentem
491 2211 597 2272 cepere
615 2195 736 2264 urbem;
762 2214 797 2257 ex
813 2213 883 2256 arce
899 2191 1102 2272 Capitolioque
1117 2191 1166 2254 his

205 2280 310 2356 exigua
326 2278 474 2338 resistitur
484 2295 583 2339 manu.
616 2281 674 2339 iam
689 2279 851 2340 obsidionis
863 2278 960 2339 taedio
976 2278 1045 2338 victi
1058 2274 1166 2336 absce-

169 2368 187 2420 o
205 2361 278 2422 dunt
298 2362 421 2440 vagique
445 2378 499 2440 per
528 2380 614 2440 agros
635 2361 780 2440 palantur.
823 2361 890 2422 cibo
907 2363 1035 2438 vinoque
1055 2361 1165 2438 raptim

204 2444 310 2506 hausto
325 2444 447 2522 repleti,
463 2445 515 2506 uhi
529 2463 589 2506 nox
604 2446 728 2524 adpetit,
744 2462 839 2524 prope
853 2447 932 2506 rivos
943 2461 1085 2522 aquarum
1096 2443 1166 2505 sine

206 2529 404 2598 munimento,
421 2531 485 2590 sine
496 2529 672 2591 stationibus
687 2547 721 2590 ac
734 2528 890 2598 custodiis,
905 2529 1015 2607 passim
1031 2527 1167 2587 terarum

205 2614 266 2674 ritu
280 2617 468 2683 sternuntur,
482 2631 562 2673 nunc
583 2613 620 2673 ab
636 2613 776 2674 secundis
790 2610 882 2673 rebus
898 2613 992 2690 magis
1008 2611 1096 2671 etiem
1113 2627 1166 2670 so·

169 2698 188 2748 ⁷
204 2693 257 2756 iito
272 2697 391 2756 incauti.
422 2697 447 2757 si
464 2695 546 2757 vobis
563 2697 594 2756 in
610 2698 708 2757 anirno
725 2702 770 2758 est
780 2695 858 2756 tueri
870 2696 987 2757 moenia
996 2701 1093 2756 vestra
1106 2710 1166 2754 nec

204 2779 266 2859 pati
280 2779 354 2840 haec
376 2780 474 2839 omnia
489 2779 613 2840 Galliam
632 2781 713 2852 fleri,
736 2779 832 2859 prima
851 2777 948 2857 vigilia
969 2779 1064 2856 capito
1080 2793 1167 2839 mma

205 2862 391 2941 frequentes,
415 2880 463 2923 me
487 2864 646 2941 sequimini
664 2865 700 2925 ad
723 2864 860 2933 caedem,
884 2881 945 2924 non
965 2862 1002 2923 ad
1022 2878 1165 2941 pugnam.

206 2946 264 3006 nisi
281 2946 394 3006 vinctos
415 2961 520 3006 somno
541 2944 621 3009 velut
639 2948 769 3026 pecudes
790 2946 982 3008 trucidandos
1000 2945 1165 3014 tradidero,

205 3046 266 3175 aon
281 3047 390 3174 megsf,
400 3030 526 3093 eundem
541 3031 654 3093 Ardeae
666 3049 767 3094 rerum
781 3048 915 3092 mearum
934 3031 1059 3100 exitum,
1075 3045 1165 3108 quern

232 3132 317 3175 omae
353 3132 369 3174 a
392 3121 453 3174 u1.“

174 3202 185 3253 t
266 3197 349 3258 XLV.
378 3199 486 3277 Aequis
500 3200 669 3278 iniquisque
681 3215 856 3278 persuasum
874 3206 938 3260 erat
954 3205 1068 3258 tantum
1083 3192 1164 3256 bello

207 3281 301 3342 virum
318 3283 468 3343 neminem
483 3300 609 3361 usquam
626 3301 660 3344 ea
675 3289 850 3360 tempestate
864 3299 939 3344 esse.
967 3282 1104 3342 contione
1118 3278 1166 3339 di·

206 3365 295 3424 missa
309 3382 435 3444 corpora
450 3373 557 3428 curant
570 3369 691 3437 intenti,
713 3383 801 3445 mam
816 3384 885 3426 mox
899 3367 1017 3444 signum
1031 3363 1166 3425 daretur.

206 3463 266 3524 quo
281 3447 347 3507 dato
362 3448 477 3524 primae
490 3447 607 3510 silentio
624 3453 720 3512 noctis
736 3451 774 3511 ad
791 3457 891 3529 portas
907 3447 1028 3512 Camillo
1043 3450 1166 3526 praesto
