2580 3954
307 241 404 283 ursus
420 241 471 282 111.
499 240 569 284 oss.
586 233 629 286 52.
645 235 688 288 53.
718 225 759 302 [a.
775 225 810 288 0.
827 227 890 304 450]
1019 234 1079 295 175

118 393 231 456 Itomae
252 391 352 449 omnia
373 390 488 473 insueto
508 389 636 450 solitudo
659 391 792 461 fecisset,
818 393 849 452 in
874 393 940 455 soro
962 397 1080 473 praeter

118 492 231 555 paucos
251 474 402 534 seniorum
426 488 513 533 nemo
535 480 627 542 esset,
648 477 757 536 voeatis
777 477 880 552 utiquc
899 479 931 537 in
946 486 1078 540 senatum

117 557 252 638 patribus
278 557 428 616 desertum
454 557 640 633 apparuisset
662 556 776 628 lorum,
802 558 993 642 plures[que]
1020 564 1078 622 iam

44 643 49 658 '
118 659 207 720 quom
217 639 359 700 Horatius
373 657 408 700 ac
419 637 553 700 Valerius
567 638 820 702 vociferabantur:
838 643 930 719 „quid
942 653 1077 723 expecta·
1095 657 1113 710 d

106 727 201 796 bitis,
228 731 328 803 patres
351 724 530 800 conscripti?
559 725 585 784 si
604 723 764 785 decemviri
784 725 874 786 finem
896 729 1078 804 pertinaciae

117 827 179 870 non
193 809 317 878 iaciunt,
330 824 420 868 ruere
433 824 468 867 ac
479 806 643 884 deflagrare
658 810 757 868 omnia
768 811 885 886 passuri
896 812 984 872 estis?
999 813 1078 889 quod

116 902 216 954 eutem
239 890 317 952 istud
339 891 498 968 imperium
520 900 579 960 est,
602 891 777 962 decemviri,
793 893 873 969 quod
888 894 1016 972 amplexi
1034 904 1076 956 te·

116 976 214 1038 netis'l
248 975 332 1036 tecds
353 992 388 1034 ac
407 973 570 1052 parietibus
590 977 655 1036 iura
671 974 778 1036 dicturi
795 976 882 1037 estis?
911 995 972 1038 uon
987 979 1079 1056 pudet
1095 998 1111 1047 7

117 1063 256 1121 dotorum
271 1065 437 1120 vannorum
452 1059 596 1119 maiorem
611 1076 707 1138 prope
717 1061 916 1121 numerumin
927 1061 993 1122 loro
1006 1080 1076 1123 con·
1165 1065 1169 1070 ’

117 1145 193 1223 spici
209 1160 301 1221 quam·
315 1148 482 1219 togatorum
502 1139 737 1224 aliorum[que]i
766 1143 852 1220 quid,
876 1146 902 1204 si
924 1145 1024 1206 hostes
1040 1146 1077 1207 ad

118 1227 224 1288 urbem
238 1227 365 1295 veniant,
380 1225 487 1286 facturi
503 1225 590 1286 estis?
616 1227 701 1303 quid,
716 1227 742 1288 si
755 1225 840 1304 plebs
857 1245 942 1298 mcx,
959 1228 1010 1289 ubi
1024 1247 1075 1307 po·

117 1330 183 1372 rum
198 1311 366 1372 secessione
383 1315 545 1380 moveatur,
563 1317 674 1370 armata
692 1310 806 1372 veniat?
832 1328 978 1373 occasune
993 1311 1076 1374 urbis

115 1395 201 1456 vullis
224 1395 311 1455 linire
327 1394 506 1471 imperium?
533 1395 615 1470 atqui
634 1401 684 1454 aut
699 1392 784 1471 plebs
799 1411 860 1454 non
876 1401 921 1456 est
938 1394 1074 1457 babendo
1092 1405 1109 1455 8

116 1486 167 1539 aut
179 1477 310 1539 habendi
325 1484 394 1538 sunl
408 1475 642 1556 tribuniplebis:
660 1495 716 1539 nos
727 1479 814 1540 citius
827 1482 1012 1542 caruerimus
1022 1499 1073 1560 pa·

117 1564 210 1623 triciis
237 1559 455 1640 magistratibus
482 1577 570 1638 mam
591 1560 634 1622 illi
651 1560 775 1640 plebeis.
806 1579 912 1624 nouam
935 1563 1108 1642 insuper-9

114 1656 233 1724 tonoque
250 1664 314 1707 eam
328 1652 502 1724 potestatem
515 1646 653 1724 eripuere
664 1645 797 1724 patribus
807 1649 926 1718 uostris,
943 1665 981 1708 ne
995 1665 1075 1709 nuno

116 1728 273 1790 dulcedine
291 1727 384 1790 semel
398 1729 476 1806 capti
489 1729 588 1791 lerant
601 1729 796 1800 desiderium,
817 1746 884 1791 cum
899 1732 1074 1808 pracsertim

115 1812 1074 1892 necnostemperemusimperiis,qucminusilliauxiliiegiant.“

120 1917 182 1966 cum
205 1897 280 1960 haec
299 1915 334 1958 ex
354 1898 435 1956 omni
454 1903 538 1974 parte
562 1897 757 1967 laetarentur,
777 1899 846 1958 victi
862 1915 1009 1959 censensu
1024 1899 1073 1960 de·
1094 1911 1124 1962 10

115 1983 237 2043 cemviri
250 1983 366 2042 futuros
380 1999 427 2050 se,
451 1979 569 2056 quondo
584 1981 624 2039 ita
641 1980 789 2050 videatur,
809 1983 841 2041 in
862 1988 1006 2059 potestate
1022 1999 1073 2060 pa·

113 2078 192 2127 trum
207 2065 371 2126 adfirmant
399 2064 430 2124 id
444 2063 534 2124 modo
548 2061 635 2124 simul
650 2072 737 2126 orant
753 2082 788 2125 ac
802 2073 938 2136 monent,
954 2071 987 2126 ut
1002 2066 1074 2144 ipsis
1094 2079 1122 2131 tt

114 2149 150 2210 ab
165 2149 273 2210 invidia
286 2155 431 2218 caveatur,
449 2165 506 2209 nec
522 2164 576 2209 suo
590 2150 735 2226 sanguine
749 2147 786 2210 ad
801 2148 945 2228 supplicia
956 2156 1073 2227 patrum
1145 2148 1148 2153 ’

113 2232 233 2312 plebem
249 2232 457 2294 adsuelaoiant
487 2265 490 2271 ·

174 2315 247 2379 Llll.
270 2317 346 2378 Tum
363 2314 497 2376 Valerios
509 2315 707 2393 Horatiusque
721 2317 804 2378 missi
818 2315 855 2378 ad
869 2316 988 2397 plebem
1003 2334 1072 2379 con·
1093 2331 1102 2380 t

114 2399 291 2471 dicionibus,
304 2398 411 2478 quibus
422 2399 580 2469 videretur,
593 2399 792 2462 revocandam
804 2399 1073 2479 conponendasque

113 2504 163 2548 res
178 2485 353 2547 decemviris
369 2499 487 2561 quoque
504 2483 541 2544 ab
558 2485 603 2544 ira
614 2491 644 2544 et
658 2483 976 2562 impetumddmduns
986 2501 1072 2561 prae·

114 2587 218 2632 cavere
232 2567 380 2630 iubentur.
412 2568 539 2647 proiecti
562 2566 668 2645 gaudio
687 2567 801 2644 ingenti
816 2565 914 2646 plebis
931 2569 963 2627 iu
977 2575 1071 2652 castra
1091 2576 1106 2622 2

113 2654 309 2732 accipiuntur,
325 2653 436 2730 quippe
452 2650 630 2714 liberatores
646 2649 825 2712 hauddubie
838 2658 867 2713 et
880 2650 1071 2713 motusinitio

114 2745 144 2800 ct
158 2738 238 2798 exitu
251 2737 305 2798 rei.
335 2735 373 2796 cb
391 2735 464 2797 baec
478 2736 515 2797 iis
529 2734 752 2796 aduenientibus
769 2737 880 2812 gratim
894 2742 987 2796 actae.
1016 2734 1073 2795 lci-

113 2821 170 2880 lius
184 2837 239 2899 pro
254 2819 443 2881 modtitudiue
454 2817 544 2880 verba
558 2819 636 2879 facit.
665 2818 753 2889 idem,
785 2836 853 2880 oum
868 2820 906 2880 de
922 2819 1071 2880 condicio·
1091 2830 1107 2880 3

113 2903 203 2965 nibus
218 2911 364 2982 agoremr,
383 2901 596 2982 quaerentibus
610 2901 714 2980 legatis
726 2919 802 2980 quae
816 2903 960 2982 postulata
975 2901 1072 2982 plebis

114 2993 228 3056 essem,
253 2989 406 3065 conposito
430 2989 490 3048 iam
511 2993 579 3048 ante
593 2986 750 3048 adventum
766 2985 931 3065 legatorum
947 2987 1070 3049 oonsilio

113 3088 149 3134 oa
163 3068 333 3149 postulauit,
348 3078 382 3130 ut
394 3078 553 3148 appareret
568 3072 600 3132 iu
616 3072 763 3148 aequitate
782 3087 884 3132 rerum
898 3068 968 3148 plus
984 3087 1072 3146 quom

113 3157 145 3215 in
170 3154 261 3215 armis
283 3156 390 3232 reponi
408 3156 481 3232 spei.
510 3161 684 3232 potestatam
700 3155 779 3216 enim
797 3153 987 3214 tribuniciam
1001 3170 1071 3232 pro·
1090 3164 1105 3212 t

113 3239 357 3314 vocationemque
374 3236 563 3315 repetebant,
584 3255 659 3316 quae
675 3246 742 3300 ante
756 3237 940 3299 decemuiros
956 3243 1071 3298 creatos

114 3321 222 3384 auxilia
237 3320 334 3402 plebis
351 3321 481 3391 lucrant,
497 3329 526 3382 et
540 3339 578 3383 nc
596 3325 645 3383 cui
660 3321 758 3384 fraudi
775 3328 852 3382 esset
867 3321 1000 3382 concisse
1016 3323 1070 3381 mi·

113 3403 180 3467 lites
200 3413 251 3466 aut
269 3404 389 3484 plebem
406 3405 444 3465 ad
459 3405 652 3484 repetendam
667 3425 722 3486 per
737 3406 936 3468 secessionem
950 3403 1070 3466 liberta·

114 3496 181 3552 tem.
212 3490 250 3551 de
267 3488 502 3552 decemvirorum
520 3489 608 3550 modo
630 3489 774 3570 supplicio
796 3497 879 3550 auor
893 3486 1070 3568 postulatum
1085 3496 1101 3548 5
