<?xml version="1.0" encoding="UTF-8"?>
<!DOCTYPE html PUBLIC "-//W3C//DTD XHTML 1.0 Transitional//EN"
    "http://www.w3.org/TR/xhtml1/DTD/xhtml1-transitional.dtd">
<html xmlns="http://www.w3.org/1999/xhtml" xml:lang="en" lang="en">
 <head>
  <title>
</title>
<meta http-equiv="Content-Type" content="text/html;charset=utf-8" />
  <meta name='ocr-system' content='tesseract 3.04.00' />
  <meta name='ocr-capabilities' content='ocr_page ocr_carea ocr_par ocr_line ocrx_word'/>
</head>
<body>
  <div class='ocr_page' id='page_1' title='image "./aburbeconditali01rossgoog_0381.png"; bbox 0 0 2580 3954; ppageno 0'>
   <div class='ocr_carea' id='block_1_1' title="bbox 16 141 1066 231">
    <p class='ocr_par' dir='ltr' id='par_1_1' title="bbox 16 141 1066 231">
     <span class='ocr_line' id='line_1_1' title="bbox 16 141 1066 231; baseline 0.01 -25"><span class='ocrx_word' id='word_1_1' title='bbox 16 141 23 229; x_wconf 31' lang='grc'><strong>’-</strong></span> <span class='ocrx_word' id='word_1_2' title='bbox 243 169 338 210; x_wconf 79' lang='lat' dir='ltr'><strong>arnan</strong></span> <span class='ocrx_word' id='word_1_3' title='bbox 353 169 397 210; x_wconf 78' lang='grc' dir='ltr'><strong>ιν.</strong></span> <span class='ocrx_word' id='word_1_4' title='bbox 427 167 496 209; x_wconf 78' lang='lat' dir='ltr'><strong>cnr.</strong></span> <span class='ocrx_word' id='word_1_5' title='bbox 512 161 555 215; x_wconf 79' lang='lat'><strong>46.</strong></span> <span class='ocrx_word' id='word_1_6' title='bbox 573 159 614 214; x_wconf 79' lang='lat'><strong>47.</strong></span> <span class='ocrx_word' id='word_1_7' title='bbox 631 161 675 215; x_wconf 79' lang='lat'><strong>48.</strong></span> <span class='ocrx_word' id='word_1_8' title='bbox 703 150 743 228; x_wconf 84' lang='lat' dir='ltr'><strong>[a.</strong></span> <span class='ocrx_word' id='word_1_9' title='bbox 759 149 794 210; x_wconf 83' lang='lat' dir='ltr'><strong>O.</strong></span> <span class='ocrx_word' id='word_1_10' title='bbox 810 147 937 231; x_wconf 77' lang='lat' dir='ltr'><strong>eto-416]</strong></span> <span class='ocrx_word' id='word_1_11' title='bbox 1006 155 1066 216; x_wconf 83' lang='lat'><strong>241</strong></span> 
     </span>
    </p>
   </div>
   <div class='ocr_carea' id='block_1_2' title="bbox 16 313 1121 476">
    <p class='ocr_par' dir='ltr' id='par_1_2' title="bbox 16 313 1121 476">
     <span class='ocr_line' id='line_1_2' title="bbox 17 313 1069 394; baseline -0.005 -13"><span class='ocrx_word' id='word_1_12' title='bbox 17 387 18 394; x_wconf 14' lang='lat' dir='ltr'><strong>q</strong></span> <span class='ocrx_word' id='word_1_13' title='bbox 115 326 265 380; x_wconf 74' lang='lat' dir='ltr'><strong>certamen</strong></span> <span class='ocrx_word' id='word_1_14' title='bbox 287 315 474 376; x_wconf 88' lang='lat' dir='ltr'><strong>tribunorum</strong></span> <span class='ocrx_word' id='word_1_15' title='bbox 497 324 665 394; x_wconf 88' lang='lat' dir='ltr'><strong>suspectum</strong></span> <span class='ocrx_word' id='word_1_16' title='bbox 686 323 752 376; x_wconf 90' lang='lat' dir='ltr'><strong>ante</strong></span> <span class='ocrx_word' id='word_1_17' title='bbox 772 333 836 375; x_wconf 91' lang='lat' dir='ltr'><strong>rem</strong></span> <span class='ocrx_word' id='word_1_18' title='bbox 861 313 937 375; x_wconf 91' lang='lat' dir='ltr'><strong>male</strong></span> <span class='ocrx_word' id='word_1_19' title='bbox 957 322 1069 394; x_wconf 88' lang='lat' dir='ltr'><strong>gestam</strong></span> 
     </span>
     <span class='ocr_line' id='line_1_3' title="bbox 16 397 1121 476; baseline -0.005 -13"><span class='ocrx_word' id='word_1_20' title='bbox 16 423 18 442; x_wconf 64' lang='lat'><em>²</em></span> <span class='ocrx_word' id='word_1_21' title='bbox 115 403 224 468; x_wconf 81' lang='lat' dir='ltr'><strong>luerat3</strong></span> <span class='ocrx_word' id='word_1_22' title='bbox 247 400 387 476; x_wconf 88' lang='lat' dir='ltr'><strong>magistro</strong></span> <span class='ocrx_word' id='word_1_23' title='bbox 401 400 532 474; x_wconf 90' lang='lat' dir='ltr'><strong>equitum</strong></span> <span class='ocrx_word' id='word_1_24' title='bbox 550 407 664 467; x_wconf 88' lang='lat' dir='ltr'><strong>creato,</strong></span> <span class='ocrx_word' id='word_1_25' title='bbox 690 416 706 458; x_wconf 94' lang='lat' dir='ltr'><strong>a</strong></span> <span class='ocrx_word' id='word_1_26' title='bbox 722 414 780 475; x_wconf 92' lang='lat' dir='ltr'><strong>quo</strong></span> <span class='ocrx_word' id='word_1_27' title='bbox 800 399 863 475; x_wconf 89' lang='lat' dir='ltr'><strong>ipse</strong></span> <span class='ocrx_word' id='word_1_28' title='bbox 879 397 998 458; x_wconf 90' lang='lat' dir='ltr'><strong>tribuno</strong></span> <span class='ocrx_word' id='word_1_29' title='bbox 1013 399 1068 458; x_wconf 92' lang='lat' dir='ltr'><strong>mi·</strong></span> <span class='ocrx_word' id='word_1_30' title='bbox 1087 409 1121 464; x_wconf 88' lang='lat'><strong>11</strong></span> 
     </span>
    </p>
   </div>
   <div class='ocr_carea' id='block_1_3' title="bbox 94 479 1162 3477">
    <p class='ocr_par' dir='ltr' id='par_1_3' title="bbox 112 479 1162 893">
     <span class='ocr_line' id='line_1_4' title="bbox 114 479 1068 558; baseline -0.001 -15"><span class='ocrx_word' id='word_1_31' title='bbox 114 483 198 545; x_wconf 90' lang='lat' dir='ltr'><strong>litum</strong></span> <span class='ocrx_word' id='word_1_32' title='bbox 213 483 338 544; x_wconf 90' lang='lat' dir='ltr'><strong>dictator</strong></span> <span class='ocrx_word' id='word_1_33' title='bbox 349 489 413 542; x_wconf 90' lang='lat' dir='ltr'><strong>erat</strong></span> <span class='ocrx_word' id='word_1_34' title='bbox 424 481 527 552; x_wconf 90' lang='lat' dir='ltr'><strong>dictus,</strong></span> <span class='ocrx_word' id='word_1_35' title='bbox 543 481 669 542; x_wconf 86' lang='lat' dir='ltr'><strong>filiosuo</strong></span> <span class='ocrx_word' id='word_1_36' title='bbox 684 513 719 526; x_wconf 88' lang='lat'>-</span> <span class='ocrx_word' id='word_1_37' title='bbox 735 487 769 540; x_wconf 92' lang='lat' dir='ltr'><strong>ut</strong></span> <span class='ocrx_word' id='word_1_38' title='bbox 778 481 926 542; x_wconf 88' lang='lat' dir='ltr'><strong>tradidere</strong></span> <span class='ocrx_word' id='word_1_39' title='bbox 938 479 1068 558; x_wconf 89' lang='lat' dir='ltr'><strong>quidam,</strong></span> 
     </span>
     <span class='ocr_line' id='line_1_5' title="bbox 113 562 1067 642; baseline -0.005 -15"><span class='ocrx_word' id='word_1_40' title='bbox 113 585 182 627; x_wconf 90' lang='lat' dir='ltr'><strong>nam</strong></span> <span class='ocrx_word' id='word_1_41' title='bbox 199 566 248 626; x_wconf 91' lang='lat' dir='ltr'><strong>alii</strong></span> <span class='ocrx_word' id='word_1_42' title='bbox 268 562 389 624; x_wconf 80' lang='lat' dir='ltr'>Ahalam</span> <span class='ocrx_word' id='word_1_43' title='bbox 410 563 566 625; x_wconf 87' lang='lat' dir='ltr'><strong>Servilium</strong></span> <span class='ocrx_word' id='word_1_44' title='bbox 589 565 761 642; x_wconf 88' lang='lat' dir='ltr'><strong>magistrum</strong></span> <span class='ocrx_word' id='word_1_45' title='bbox 780 565 911 641; x_wconf 89' lang='lat' dir='ltr'><strong>equitum</strong></span> <span class='ocrx_word' id='word_1_46' title='bbox 931 581 966 624; x_wconf 92' lang='lat' dir='ltr'><strong>eo</strong></span> <span class='ocrx_word' id='word_1_47' title='bbox 989 580 1067 624; x_wconf 92' lang='lat' dir='ltr'><strong>anno</strong></span> 
     </span>
     <span class='ocr_line' id='line_1_6' title="bbox 112 645 1162 725; baseline -0.003 -16"><span class='ocrx_word' id='word_1_48' title='bbox 112 652 203 710; x_wconf 83' lang='lat' dir='ltr'><strong>luisse</strong></span> <span class='ocrx_word' id='word_1_49' title='bbox 216 645 355 710; x_wconf 63' lang='lat' dir='ltr'><strong>,scribunt</strong></span> <span class='ocrx_word' id='word_1_50' title='bbox 370 679 405 692; x_wconf 88' lang='lat'>-</span> <span class='ocrx_word' id='word_1_51' title='bbox 425 663 502 706; x_wconf 88' lang='lat' dir='ltr'><strong>novo</strong></span> <span class='ocrx_word' id='word_1_52' title='bbox 514 649 645 708; x_wconf 83' lang='lat' dir='ltr'><strong>exercitu</strong></span> <span class='ocrx_word' id='word_1_53' title='bbox 660 647 810 725; x_wconf 86' lang='lat' dir='ltr'><strong>proiectus</strong></span> <span class='ocrx_word' id='word_1_54' title='bbox 825 647 861 712; x_wconf 90' lang='lat' dir='ltr'><strong>ad</strong></span> <span class='ocrx_word' id='word_1_55' title='bbox 876 645 1002 716; x_wconf 87' lang='lat' dir='ltr'><strong>bellum,</strong></span> <span class='ocrx_word' id='word_1_56' title='bbox 1019 665 1069 707; x_wconf 93' lang='lat' dir='ltr'><strong>ac·</strong></span> <span class='ocrx_word' id='word_1_57' title='bbox 1087 645 1120 699; x_wconf 78' lang='lat'><strong>12</strong></span> <span class='ocrx_word' id='word_1_58' title='bbox 1159 719 1162 723; x_wconf 35' lang='grc'><strong>,</strong></span> 
     </span>
     <span class='ocr_line' id='line_1_7' title="bbox 114 728 1070 809; baseline -0.003 -16"><span class='ocrx_word' id='word_1_59' title='bbox 114 735 179 793; x_wconf 90' lang='lat' dir='ltr'><strong>citis</strong></span> <span class='ocrx_word' id='word_1_60' title='bbox 197 733 248 809; x_wconf 91' lang='lat' dir='ltr'><strong>qui</strong></span> <span class='ocrx_word' id='word_1_61' title='bbox 263 728 383 790; x_wconf 78' lang='lat' dir='ltr'>Tusculi</span> <span class='ocrx_word' id='word_1_62' title='bbox 399 736 496 800; x_wconf 90' lang='lat' dir='ltr'><strong>erant,</strong></span> <span class='ocrx_word' id='word_1_63' title='bbox 513 729 665 791; x_wconf 89' lang='lat' dir='ltr'><strong>duomilia</strong></span> <span class='ocrx_word' id='word_1_64' title='bbox 680 746 798 808; x_wconf 91' lang='lat' dir='ltr'><strong>passum</strong></span> <span class='ocrx_word' id='word_1_65' title='bbox 816 728 852 789; x_wconf 92' lang='lat' dir='ltr'><strong>ab</strong></span> <span class='ocrx_word' id='word_1_66' title='bbox 868 729 953 792; x_wconf 89' lang='lat' dir='ltr'><strong>hoste</strong></span> <span class='ocrx_word' id='word_1_67' title='bbox 970 729 1070 790; x_wconf 89' lang='lat' dir='ltr'><strong>locum</strong></span> 
     </span>
     <span class='ocr_line' id='line_1_8' title="bbox 113 813 319 893; baseline -0.015 -17"><span class='ocrx_word' id='word_1_68' title='bbox 113 817 217 876; x_wconf 88' lang='lat' dir='ltr'><strong>castris</strong></span> <span class='ocrx_word' id='word_1_69' title='bbox 233 813 319 893; x_wconf 89' lang='lat' dir='ltr'><strong>cepit.</strong></span> 
     </span>
    </p>

    <p class='ocr_par' dir='ltr' id='par_1_4' title="bbox 106 896 1103 2642">
     <span class='ocr_line' id='line_1_9' title="bbox 173 896 1103 976; baseline -0.001 -18"><span class='ocrx_word' id='word_1_70' title='bbox 173 897 282 959; x_wconf 84' lang='lat' dir='ltr'>XLVII.</span> <span class='ocrx_word' id='word_1_71' title='bbox 312 897 483 958; x_wconf 76' lang='lat' dir='ltr'><strong>Transierat</strong></span> <span class='ocrx_word' id='word_1_72' title='bbox 504 916 541 958; x_wconf 84' lang='lat' dir='ltr'><strong>ex</strong></span> <span class='ocrx_word' id='word_1_73' title='bbox 561 916 594 958; x_wconf 93' lang='lat' dir='ltr'><strong>re</strong></span> <span class='ocrx_word' id='word_1_74' title='bbox 611 897 688 959; x_wconf 91' lang='lat' dir='ltr'><strong>bene</strong></span> <span class='ocrx_word' id='word_1_75' title='bbox 710 905 791 976; x_wconf 89' lang='lat' dir='ltr'><strong>gesta</strong></span> <span class='ocrx_word' id='word_1_76' title='bbox 810 898 948 976; x_wconf 90' lang='lat' dir='ltr'><strong>superbia</strong></span> <span class='ocrx_word' id='word_1_77' title='bbox 967 896 1067 975; x_wconf 90' lang='lat' dir='ltr'><strong>negle·</strong></span> <span class='ocrx_word' id='word_1_78' title='bbox 1087 901 1103 952; x_wconf 92' lang='lat'>1</span> 
     </span>
     <span class='ocr_line' id='line_1_10' title="bbox 111 979 1066 1062; baseline -0.001 -19"><span class='ocrx_word' id='word_1_79' title='bbox 111 984 268 1062; x_wconf 88' lang='lat' dir='ltr'><strong>gentiaque</strong></span> <span class='ocrx_word' id='word_1_80' title='bbox 294 979 331 1042; x_wconf 95' lang='lat' dir='ltr'><strong>ad</strong></span> <span class='ocrx_word' id='word_1_81' title='bbox 350 981 482 1059; x_wconf 77' lang='lat' dir='ltr'><strong>Aequos,</strong></span> <span class='ocrx_word' id='word_1_82' title='bbox 506 982 633 1058; x_wconf 91' lang='lat' dir='ltr'><strong>quaein</strong></span> <span class='ocrx_word' id='word_1_83' title='bbox 655 980 795 1043; x_wconf 88' lang='lat' dir='ltr'><strong>Romanis</strong></span> <span class='ocrx_word' id='word_1_84' title='bbox 817 980 941 1043; x_wconf 90' lang='lat' dir='ltr'><strong>ducibus</strong></span> <span class='ocrx_word' id='word_1_85' title='bbox 962 983 1066 1042; x_wconf 89' lang='lat' dir='ltr'><strong>luerat.</strong></span> 
     </span>
     <span class='ocr_line' id='line_1_11' title="bbox 111 1063 1103 1144; baseline -0.007 -17"><span class='ocrx_word' id='word_1_86' title='bbox 111 1069 209 1144; x_wconf 87' lang='lat' dir='ltr'><strong>itaque</strong></span> <span class='ocrx_word' id='word_1_87' title='bbox 223 1065 320 1144; x_wconf 91' lang='lat' dir='ltr'><strong>primo</strong></span> <span class='ocrx_word' id='word_1_88' title='bbox 337 1065 434 1125; x_wconf 88' lang='lat' dir='ltr'><strong>statim</strong></span> <span class='ocrx_word' id='word_1_89' title='bbox 448 1063 562 1140; x_wconf 90' lang='lat' dir='ltr'><strong>proelio</strong></span> <span class='ocrx_word' id='word_1_90' title='bbox 577 1082 646 1124; x_wconf 90' lang='lat' dir='ltr'><strong>eum</strong></span> <span class='ocrx_word' id='word_1_91' title='bbox 661 1064 785 1124; x_wconf 87' lang='lat' dir='ltr'><strong>dictator</strong></span> <span class='ocrx_word' id='word_1_92' title='bbox 800 1067 932 1142; x_wconf 85' lang='lat' dir='ltr'><strong>equitatu</strong></span> <span class='ocrx_word' id='word_1_93' title='bbox 945 1065 1067 1126; x_wconf 91' lang='lat' dir='ltr'><strong>inmisso</strong></span> <span class='ocrx_word' id='word_1_94' title='bbox 1085 1070 1103 1120; x_wconf 84' lang='lat'>2</span> 
     </span>
     <span class='ocr_line' id='line_1_12' title="bbox 111 1145 1068 1226; baseline -0.004 -16"><span class='ocrx_word' id='word_1_95' title='bbox 111 1150 319 1226; x_wconf 79' lang='lat' dir='ltr'><strong>antesignanos</strong></span> <span class='ocrx_word' id='word_1_96' title='bbox 333 1147 462 1207; x_wconf 92' lang='lat' dir='ltr'><strong>bostium</strong></span> <span class='ocrx_word' id='word_1_97' title='bbox 482 1145 644 1215; x_wconf 83' lang='lat' dir='ltr'><strong>turbasset,</strong></span> <span class='ocrx_word' id='word_1_98' title='bbox 666 1146 817 1225; x_wconf 90' lang='lat' dir='ltr'><strong>legionum</strong></span> <span class='ocrx_word' id='word_1_99' title='bbox 839 1148 908 1208; x_wconf 90' lang='lat' dir='ltr'><strong>inde</strong></span> <span class='ocrx_word' id='word_1_100' title='bbox 926 1150 1009 1225; x_wconf 90' lang='lat' dir='ltr'><strong>signa</strong></span> <span class='ocrx_word' id='word_1_101' title='bbox 1022 1149 1068 1207; x_wconf 90' lang='lat' dir='ltr'><strong>in·</strong></span> 
     </span>
     <span class='ocr_line' id='line_1_13' title="bbox 111 1229 1067 1309; baseline -0.003 -17"><span class='ocrx_word' id='word_1_102' title='bbox 111 1233 184 1294; x_wconf 86' lang='lat' dir='ltr'><strong>terri</strong></span> <span class='ocrx_word' id='word_1_103' title='bbox 206 1247 335 1309; x_wconf 91' lang='lat' dir='ltr'><strong>propere</strong></span> <span class='ocrx_word' id='word_1_104' title='bbox 357 1229 457 1298; x_wconf 89' lang='lat' dir='ltr'><strong>iussit,</strong></span> <span class='ocrx_word' id='word_1_105' title='bbox 486 1229 717 1307; x_wconf 80' lang='lat' dir='ltr'><strong>signiferumque</strong></span> <span class='ocrx_word' id='word_1_106' title='bbox 738 1249 774 1292; x_wconf 89' lang='lat' dir='ltr'><strong>ex</strong></span> <span class='ocrx_word' id='word_1_107' title='bbox 796 1233 856 1292; x_wconf 89' lang='lat' dir='ltr'><strong>suis</strong></span> <span class='ocrx_word' id='word_1_108' title='bbox 880 1247 973 1290; x_wconf 92' lang='lat' dir='ltr'><strong>uuum</strong></span> <span class='ocrx_word' id='word_1_109' title='bbox 996 1247 1067 1290; x_wconf 88' lang='lat' dir='ltr'><strong>eun·</strong></span> 
     </span>
     <span class='ocr_line' id='line_1_14' title="bbox 113 1312 1102 1389; baseline -0.005 -13"><span class='ocrx_word' id='word_1_110' title='bbox 113 1322 241 1376; x_wconf 90' lang='lat' dir='ltr'><strong>ctantem</strong></span> <span class='ocrx_word' id='word_1_111' title='bbox 256 1313 372 1373; x_wconf 89' lang='lat' dir='ltr'><strong>oceidit.</strong></span> <span class='ocrx_word' id='word_1_112' title='bbox 400 1318 499 1374; x_wconf 88' lang='lat' dir='ltr'><strong>tantus</strong></span> <span class='ocrx_word' id='word_1_113' title='bbox 512 1313 602 1373; x_wconf 90' lang='lat' dir='ltr'><strong>ardor</strong></span> <span class='ocrx_word' id='word_1_114' title='bbox 618 1313 656 1374; x_wconf 92' lang='lat' dir='ltr'><strong>ad</strong></span> <span class='ocrx_word' id='word_1_115' title='bbox 671 1312 870 1375; x_wconf 89' lang='lat' dir='ltr'><strong>dimicandum</strong></span> <span class='ocrx_word' id='word_1_116' title='bbox 883 1313 952 1384; x_wconf 84' lang='lat' dir='ltr'><strong>luit,</strong></span> <span class='ocrx_word' id='word_1_117' title='bbox 968 1321 1001 1373; x_wconf 92' lang='lat' dir='ltr'><strong>ut</strong></span> <span class='ocrx_word' id='word_1_118' title='bbox 1012 1314 1067 1372; x_wconf 92' lang='lat' dir='ltr'><strong>im·</strong></span> <span class='ocrx_word' id='word_1_119' title='bbox 1079 1317 1102 1389; x_wconf 28' lang='lat'><strong>„3</strong></span> 
     </span>
     <span class='ocr_line' id='line_1_15' title="bbox 110 1394 1067 1478; baseline -0.003 -19"><span class='ocrx_word' id='word_1_120' title='bbox 110 1406 212 1478; x_wconf 89' lang='lat' dir='ltr'><strong>petum</strong></span> <span class='ocrx_word' id='word_1_121' title='bbox 228 1398 321 1474; x_wconf 77' lang='lat' dir='ltr'><strong>Aequi</strong></span> <span class='ocrx_word' id='word_1_122' title='bbox 338 1413 398 1456; x_wconf 91' lang='lat' dir='ltr'><strong>non</strong></span> <span class='ocrx_word' id='word_1_123' title='bbox 423 1394 558 1468; x_wconf 86' lang='lat' dir='ltr'><strong>tulerint,</strong></span> <span class='ocrx_word' id='word_1_124' title='bbox 579 1398 706 1474; x_wconf 86' lang='lat' dir='ltr'><strong>victique</strong></span> <span class='ocrx_word' id='word_1_125' title='bbox 723 1399 787 1458; x_wconf 89' lang='lat' dir='ltr'><strong>acie</strong></span> <span class='ocrx_word' id='word_1_126' title='bbox 807 1415 875 1458; x_wconf 88' lang='lat' dir='ltr'><strong>cum</strong></span> <span class='ocrx_word' id='word_1_127' title='bbox 892 1397 961 1475; x_wconf 88' lang='lat' dir='ltr'><strong>luga</strong></span> <span class='ocrx_word' id='word_1_128' title='bbox 976 1396 1067 1458; x_wconf 88' lang='lat' dir='ltr'><strong>eliusa</strong></span> 
     </span>
     <span class='ocr_line' id='line_1_16' title="bbox 109 1479 1067 1562; baseline -0.004 -18"><span class='ocrx_word' id='word_1_129' title='bbox 109 1484 253 1562; x_wconf 90' lang='lat' dir='ltr'><strong>petissent</strong></span> <span class='ocrx_word' id='word_1_130' title='bbox 266 1485 379 1550; x_wconf 89' lang='lat' dir='ltr'><strong>castra,</strong></span> <span class='ocrx_word' id='word_1_131' title='bbox 394 1479 514 1541; x_wconf 81' lang='lat' dir='ltr'><strong>brevior</strong></span> <span class='ocrx_word' id='word_1_132' title='bbox 529 1487 663 1560; x_wconf 90' lang='lat' dir='ltr'><strong>tempore</strong></span> <span class='ocrx_word' id='word_1_133' title='bbox 681 1487 710 1541; x_wconf 89' lang='lat' dir='ltr'><strong>et</strong></span> <span class='ocrx_word' id='word_1_134' title='bbox 729 1481 890 1542; x_wconf 85' lang='lat' dir='ltr'><strong>certamine</strong></span> <span class='ocrx_word' id='word_1_135' title='bbox 906 1482 1004 1541; x_wconf 92' lang='lat' dir='ltr'><strong>minor</strong></span> <span class='ocrx_word' id='word_1_136' title='bbox 1018 1497 1067 1540; x_wconf 90' lang='lat' dir='ltr'><strong>ea·</strong></span> 
     </span>
     <span class='ocr_line' id='line_1_17' title="bbox 109 1563 1102 1644; baseline -0.003 -17"><span class='ocrx_word' id='word_1_137' title='bbox 109 1573 239 1628; x_wconf 87' lang='lat' dir='ltr'><strong>strorum</strong></span> <span class='ocrx_word' id='word_1_138' title='bbox 259 1563 438 1644; x_wconf 88' lang='lat' dir='ltr'><strong>oppugnatio</strong></span> <span class='ocrx_word' id='word_1_139' title='bbox 465 1563 521 1624; x_wconf 87' lang='lat' dir='ltr'><strong>luit</strong></span> <span class='ocrx_word' id='word_1_140' title='bbox 541 1580 629 1641; x_wconf 93' lang='lat' dir='ltr'><strong>quam</strong></span> <span class='ocrx_word' id='word_1_141' title='bbox 659 1564 807 1643; x_wconf 91' lang='lat' dir='ltr'><strong>proelium</strong></span> <span class='ocrx_word' id='word_1_142' title='bbox 829 1566 933 1626; x_wconf 87' lang='lat' dir='ltr'><strong>luerat</strong></span> <span class='ocrx_word' id='word_1_143' title='bbox 974 1565 1102 1643; x_wconf 75' lang='lat' dir='ltr'><strong>captis4</strong></span> 
     </span>
     <span class='ocr_line' id='line_1_18' title="bbox 109 1647 1066 1726; baseline -0.002 -16"><span class='ocrx_word' id='word_1_144' title='bbox 109 1649 291 1726; x_wconf 80' lang='lat' dir='ltr'><strong>direptisque</strong></span> <span class='ocrx_word' id='word_1_145' title='bbox 312 1648 416 1708; x_wconf 87' lang='lat' dir='ltr'><strong>eastris</strong></span> <span class='ocrx_word' id='word_1_146' title='bbox 438 1665 507 1707; x_wconf 86' lang='lat' dir='ltr'><strong>cunr</strong></span> <span class='ocrx_word' id='word_1_147' title='bbox 526 1647 668 1726; x_wconf 86' lang='lat' dir='ltr'><strong>praedam</strong></span> <span class='ocrx_word' id='word_1_148' title='bbox 691 1648 815 1709; x_wconf 87' lang='lat' dir='ltr'><strong>dictator</strong></span> <span class='ocrx_word' id='word_1_149' title='bbox 836 1647 922 1707; x_wconf 90' lang='lat' dir='ltr'><strong>militi</strong></span> <span class='ocrx_word' id='word_1_150' title='bbox 944 1665 1066 1709; x_wconf 89' lang='lat' dir='ltr'><strong>conces·</strong></span> 
     </span>
     <span class='ocr_line' id='line_1_19' title="bbox 109 1730 1067 1809; baseline -0.003 -15"><span class='ocrx_word' id='word_1_151' title='bbox 109 1735 210 1802; x_wconf 87' lang='lat' dir='ltr'><strong>sisset,</strong></span> <span class='ocrx_word' id='word_1_152' title='bbox 234 1733 386 1809; x_wconf 88' lang='lat' dir='ltr'><strong>secutique</strong></span> <span class='ocrx_word' id='word_1_153' title='bbox 397 1731 558 1808; x_wconf 77' lang='lat' dir='ltr'><strong>fugientem</strong></span> <span class='ocrx_word' id='word_1_154' title='bbox 574 1749 610 1792; x_wconf 84' lang='lat' dir='ltr'><strong>ex</strong></span> <span class='ocrx_word' id='word_1_155' title='bbox 628 1732 732 1793; x_wconf 85' lang='lat' dir='ltr'><strong>castris</strong></span> <span class='ocrx_word' id='word_1_156' title='bbox 748 1730 863 1792; x_wconf 88' lang='lat' dir='ltr'><strong>hostem</strong></span> <span class='ocrx_word' id='word_1_157' title='bbox 883 1731 997 1807; x_wconf 87' lang='lat' dir='ltr'><strong>equites</strong></span> <span class='ocrx_word' id='word_1_158' title='bbox 1018 1747 1067 1791; x_wconf 89' lang='lat' dir='ltr'><strong>re·</strong></span> 
     </span>
     <span class='ocr_line' id='line_1_20' title="bbox 108 1812 1066 1892; baseline -0.002 -16"><span class='ocrx_word' id='word_1_159' title='bbox 108 1816 294 1876; x_wconf 84' lang='lat' dir='ltr'><strong>nuntiassent</strong></span> <span class='ocrx_word' id='word_1_160' title='bbox 307 1829 410 1874; x_wconf 89' lang='lat' dir='ltr'><strong>omues</strong></span> <span class='ocrx_word' id='word_1_161' title='bbox 423 1812 589 1874; x_wconf 91' lang='lat' dir='ltr'><strong>Labicanos</strong></span> <span class='ocrx_word' id='word_1_162' title='bbox 601 1814 710 1884; x_wconf 73' lang='lat' dir='ltr'><strong>datos,</strong></span> <span class='ocrx_word' id='word_1_163' title='bbox 731 1831 867 1892; x_wconf 88' lang='lat' dir='ltr'><strong>magnam</strong></span> <span class='ocrx_word' id='word_1_164' title='bbox 881 1821 996 1892; x_wconf 90' lang='lat' dir='ltr'><strong>partem</strong></span> <span class='ocrx_word' id='word_1_165' title='bbox 1010 1815 1066 1874; x_wconf 81' lang='lat' dir='ltr'><strong>de·</strong></span> 
     </span>
     <span class='ocr_line' id='line_1_21' title="bbox 109 1896 1101 1977; baseline -0.004 -19"><span class='ocrx_word' id='word_1_166' title='bbox 109 1915 236 1977; x_wconf 90' lang='lat' dir='ltr'><strong>quorum</strong></span> <span class='ocrx_word' id='word_1_167' title='bbox 248 1896 373 1958; x_wconf 82' lang='lat' dir='ltr'><strong>Labicos</strong></span> <span class='ocrx_word' id='word_1_168' title='bbox 388 1896 570 1974; x_wconf 81' lang='lat' dir='ltr'><strong>confugisse,</strong></span> <span class='ocrx_word' id='word_1_169' title='bbox 581 1904 702 1975; x_wconf 88' lang='lat' dir='ltr'><strong>postero</strong></span> <span class='ocrx_word' id='word_1_170' title='bbox 717 1896 765 1959; x_wconf 89' lang='lat' dir='ltr'><strong>die</strong></span> <span class='ocrx_word' id='word_1_171' title='bbox 777 1899 813 1958; x_wconf 93' lang='lat' dir='ltr'><strong>ad</strong></span> <span class='ocrx_word' id='word_1_172' title='bbox 824 1897 950 1959; x_wconf 85' lang='lat' dir='ltr'><strong>Labicos</strong></span> <span class='ocrx_word' id='word_1_173' title='bbox 962 1896 1067 1960; x_wconf 90' lang='lat' dir='ltr'><strong>ductus</strong></span> <span class='ocrx_word' id='word_1_174' title='bbox 1083 1903 1101 1954; x_wconf 76' lang='lat' dir='ltr'><strong>o</strong></span> 
     </span>
     <span class='ocr_line' id='line_1_22' title="bbox 109 1978 1067 2059; baseline -0.003 -16"><span class='ocrx_word' id='word_1_175' title='bbox 109 1981 272 2051; x_wconf 83' lang='lat' dir='ltr'><strong>exercitus,</strong></span> <span class='ocrx_word' id='word_1_176' title='bbox 293 1978 493 2059; x_wconf 84' lang='lat' dir='ltr'><strong>oppidumque</strong></span> <span class='ocrx_word' id='word_1_177' title='bbox 509 1996 619 2040; x_wconf 89' lang='lat' dir='ltr'><strong>corona</strong></span> <span class='ocrx_word' id='word_1_178' title='bbox 641 1980 821 2041; x_wconf 89' lang='lat' dir='ltr'><strong>circumdata</strong></span> <span class='ocrx_word' id='word_1_179' title='bbox 841 1979 928 2042; x_wconf 89' lang='lat' dir='ltr'><strong>scalis</strong></span> <span class='ocrx_word' id='word_1_180' title='bbox 949 1986 1067 2058; x_wconf 88' lang='lat' dir='ltr'><strong>captum</strong></span> 
     </span>
     <span class='ocr_line' id='line_1_23' title="bbox 108 2061 1101 2143; baseline -0.003 -18"><span class='ocrx_word' id='word_1_181' title='bbox 108 2084 143 2126; x_wconf 89' lang='lat' dir='ltr'><strong>ac</strong></span> <span class='ocrx_word' id='word_1_182' title='bbox 158 2065 306 2143; x_wconf 90' lang='lat' dir='ltr'><strong>direptum</strong></span> <span class='ocrx_word' id='word_1_183' title='bbox 322 2069 374 2124; x_wconf 90' lang='lat' dir='ltr'><strong>est.</strong></span> <span class='ocrx_word' id='word_1_184' title='bbox 401 2061 527 2124; x_wconf 88' lang='lat' dir='ltr'><strong>dictator</strong></span> <span class='ocrx_word' id='word_1_185' title='bbox 538 2064 670 2124; x_wconf 83' lang='lat' dir='ltr'><strong>exercitu</strong></span> <span class='ocrx_word' id='word_1_186' title='bbox 683 2065 794 2125; x_wconf 83' lang='lat' dir='ltr'><strong>victore</strong></span> <span class='ocrx_word' id='word_1_187' title='bbox 804 2064 927 2125; x_wconf 82' lang='lat' dir='ltr'><strong>Romam</strong></span> <span class='ocrx_word' id='word_1_188' title='bbox 942 2063 1065 2124; x_wconf 89' lang='lat' dir='ltr'><strong>reducto</strong></span> <span class='ocrx_word' id='word_1_189' title='bbox 1083 2069 1101 2122; x_wconf 78' lang='lat' dir='ltr'><strong>o</strong></span> 
     </span>
     <span class='ocr_line' id='line_1_24' title="bbox 107 2145 1067 2226; baseline 0 -18"><span class='ocrx_word' id='word_1_190' title='bbox 107 2149 155 2210; x_wconf 93' lang='lat' dir='ltr'><strong>die</strong></span> <span class='ocrx_word' id='word_1_191' title='bbox 172 2154 274 2208; x_wconf 79' lang='lat' dir='ltr'><strong>octavo</strong></span> <span class='ocrx_word' id='word_1_192' title='bbox 291 2163 378 2226; x_wconf 90' lang='lat' dir='ltr'><strong>quam</strong></span> <span class='ocrx_word' id='word_1_193' title='bbox 395 2153 511 2208; x_wconf 89' lang='lat' dir='ltr'><strong>creatus</strong></span> <span class='ocrx_word' id='word_1_194' title='bbox 526 2154 589 2208; x_wconf 90' lang='lat' dir='ltr'><strong>crat</strong></span> <span class='ocrx_word' id='word_1_195' title='bbox 612 2149 783 2226; x_wconf 88' lang='lat' dir='ltr'><strong>magistratu</strong></span> <span class='ocrx_word' id='word_1_196' title='bbox 806 2165 838 2208; x_wconf 89' lang='lat' dir='ltr'><strong>se</strong></span> <span class='ocrx_word' id='word_1_197' title='bbox 857 2145 1015 2215; x_wconf 85' lang='lat' dir='ltr'><strong>abdicavit;</strong></span> <span class='ocrx_word' id='word_1_198' title='bbox 1037 2153 1067 2208; x_wconf 92' lang='lat' dir='ltr'><strong>et</strong></span> 
     </span>
     <span class='ocr_line' id='line_1_25' title="bbox 108 2229 1065 2311; baseline -0.002 -19"><span class='ocrx_word' id='word_1_199' title='bbox 108 2237 274 2311; x_wconf 90' lang='lat' dir='ltr'><strong>opportune</strong></span> <span class='ocrx_word' id='word_1_200' title='bbox 287 2237 422 2300; x_wconf 89' lang='lat' dir='ltr'><strong>senatus,</strong></span> <span class='ocrx_word' id='word_1_201' title='bbox 442 2232 614 2309; x_wconf 89' lang='lat' dir='ltr'><strong>priusquam</strong></span> <span class='ocrx_word' id='word_1_202' title='bbox 628 2229 665 2290; x_wconf 87' lang='lat' dir='ltr'><strong>ab</strong></span> <span class='ocrx_word' id='word_1_203' title='bbox 680 2231 807 2292; x_wconf 82' lang='lat' dir='ltr'><strong>tribrmis</strong></span> <span class='ocrx_word' id='word_1_204' title='bbox 829 2229 910 2310; x_wconf 92' lang='lat' dir='ltr'><strong>plebi</strong></span> <span class='ocrx_word' id='word_1_205' title='bbox 932 2230 1065 2308; x_wconf 82' lang='lat' dir='ltr'><strong>agrariae</strong></span> 
     </span>
     <span class='ocr_line' id='line_1_26' title="bbox 107 2313 1065 2392; baseline 0 -16"><span class='ocrx_word' id='word_1_206' title='bbox 107 2317 267 2377; x_wconf 90' lang='lat' dir='ltr'><strong>seditiones</strong></span> <span class='ocrx_word' id='word_1_207' title='bbox 277 2315 430 2376; x_wconf 87' lang='lat' dir='ltr'><strong>mentione</strong></span> <span class='ocrx_word' id='word_1_208' title='bbox 445 2313 524 2374; x_wconf 91' lang='lat' dir='ltr'><strong>illata</strong></span> <span class='ocrx_word' id='word_1_209' title='bbox 540 2313 577 2375; x_wconf 92' lang='lat' dir='ltr'><strong>de</strong></span> <span class='ocrx_word' id='word_1_210' title='bbox 592 2332 664 2392; x_wconf 88' lang='lat' dir='ltr'><strong>agro</strong></span> <span class='ocrx_word' id='word_1_211' title='bbox 678 2315 826 2376; x_wconf 90' lang='lat' dir='ltr'><strong>Labicano</strong></span> <span class='ocrx_word' id='word_1_212' title='bbox 843 2314 998 2376; x_wconf 84' lang='lat' dir='ltr'><strong>dividendo</strong></span> <span class='ocrx_word' id='word_1_213' title='bbox 1013 2314 1065 2376; x_wconf 89' lang='lat' dir='ltr'><strong>fle·</strong></span> 
     </span>
     <span class='ocr_line' id='line_1_27' title="bbox 107 2395 1100 2474; baseline -0.003 -16"><span class='ocrx_word' id='word_1_214' title='bbox 107 2407 188 2470; x_wconf 87' lang='lat' dir='ltr'><strong>rent,</strong></span> <span class='ocrx_word' id='word_1_215' title='bbox 205 2399 320 2460; x_wconf 86' lang='lat' dir='ltr'><strong>censuit</strong></span> <span class='ocrx_word' id='word_1_216' title='bbox 331 2398 472 2474; x_wconf 76' lang='lat' dir='ltr'><strong>frequens</strong></span> <span class='ocrx_word' id='word_1_217' title='bbox 482 2395 629 2458; x_wconf 89' lang='lat' dir='ltr'><strong>coloniam</strong></span> <span class='ocrx_word' id='word_1_218' title='bbox 639 2397 765 2459; x_wconf 86' lang='lat' dir='ltr'><strong>Labicos</strong></span> <span class='ocrx_word' id='word_1_219' title='bbox 777 2397 988 2458; x_wconf 89' lang='lat' dir='ltr'><strong>deducendam.</strong></span> <span class='ocrx_word' id='word_1_220' title='bbox 1015 2414 1065 2458; x_wconf 90' lang='lat' dir='ltr'><strong>co·</strong></span> <span class='ocrx_word' id='word_1_221' title='bbox 1082 2405 1100 2455; x_wconf 84' lang='grc'><strong>7</strong></span> 
     </span>
     <span class='ocr_line' id='line_1_28' title="bbox 106 2479 1064 2558; baseline -0.002 -16"><span class='ocrx_word' id='word_1_222' title='bbox 106 2481 168 2542; x_wconf 82' lang='grc' dir='ltr'><strong>1οηί</strong></span> <span class='ocrx_word' id='word_1_223' title='bbox 184 2480 225 2541; x_wconf 90' lang='lat' dir='ltr'><strong>ab</strong></span> <span class='ocrx_word' id='word_1_224' title='bbox 246 2480 322 2542; x_wconf 90' lang='lat' dir='ltr'><strong>urbe</strong></span> <span class='ocrx_word' id='word_1_225' title='bbox 343 2479 424 2540; x_wconf 88' lang='lat' dir='ltr'><strong>mille</strong></span> <span class='ocrx_word' id='word_1_226' title='bbox 443 2486 473 2539; x_wconf 90' lang='lat' dir='ltr'><strong>et</strong></span> <span class='ocrx_word' id='word_1_227' title='bbox 492 2480 645 2558; x_wconf 82' lang='lat' dir='ltr'><strong>quingenti</strong></span> <span class='ocrx_word' id='word_1_228' title='bbox 661 2482 743 2542; x_wconf 89' lang='lat' dir='ltr'><strong>missi</strong></span> <span class='ocrx_word' id='word_1_229' title='bbox 766 2480 835 2540; x_wconf 89' lang='lat' dir='ltr'><strong>bina</strong></span> <span class='ocrx_word' id='word_1_230' title='bbox 860 2483 962 2557; x_wconf 91' lang='lat' dir='ltr'><strong>iugera</strong></span> <span class='ocrx_word' id='word_1_231' title='bbox 980 2497 1064 2540; x_wconf 83' lang='lat' dir='ltr'><strong>acre·</strong></span> 
     </span>
     <span class='ocr_line' id='line_1_29' title="bbox 107 2571 221 2642; baseline -0.018 -16"><span class='ocrx_word' id='word_1_232' title='bbox 107 2571 221 2642; x_wconf 89' lang='lat' dir='ltr'><strong>perant.</strong></span> 
     </span>
    </p>

    <p class='ocr_par' dir='ltr' id='par_1_5' title="bbox 94 2644 1099 3224">
     <span class='ocr_line' id='line_1_30' title="bbox 94 2644 1064 2725; baseline -0.002 -16"><span class='ocrx_word' id='word_1_233' title='bbox 94 2677 96 2681; x_wconf 33' lang='lat' dir='ltr'>v</span> <span class='ocrx_word' id='word_1_234' title='bbox 170 2648 266 2725; x_wconf 87' lang='lat' dir='ltr'><strong>Captis</strong></span> <span class='ocrx_word' id='word_1_235' title='bbox 286 2645 403 2707; x_wconf 86' lang='lat' dir='ltr'><strong>Labicis</strong></span> <span class='ocrx_word' id='word_1_236' title='bbox 430 2665 464 2707; x_wconf 89' lang='lat' dir='ltr'><strong>ac</strong></span> <span class='ocrx_word' id='word_1_237' title='bbox 486 2646 593 2708; x_wconf 90' lang='lat' dir='ltr'><strong>deinde</strong></span> <span class='ocrx_word' id='word_1_238' title='bbox 614 2645 740 2708; x_wconf 86' lang='lat' dir='ltr'><strong>tribunis</strong></span> <span class='ocrx_word' id='word_1_239' title='bbox 762 2646 887 2707; x_wconf 87' lang='lat' dir='ltr'><strong>militurn</strong></span> <span class='ocrx_word' id='word_1_240' title='bbox 915 2644 1064 2707; x_wconf 90' lang='lat' dir='ltr'><strong>consulari</strong></span> 
     </span>
     <span class='ocr_line' id='line_1_31' title="bbox 106 2729 1063 2812; baseline -0.001 -21"><span class='ocrx_word' id='word_1_241' title='bbox 106 2737 250 2812; x_wconf 89' lang='lat' dir='ltr'><strong>potestate</strong></span> <span class='ocrx_word' id='word_1_242' title='bbox 265 2730 395 2810; x_wconf 76' lang='lat' dir='ltr'><strong>Agrippa</strong></span> <span class='ocrx_word' id='word_1_243' title='bbox 416 2729 554 2792; x_wconf 89' lang='lat' dir='ltr'><strong>lleuenio</strong></span> <span class='ocrx_word' id='word_1_244' title='bbox 572 2731 682 2791; x_wconf 83' lang='lat' dir='ltr'><strong>Lanato</strong></span> <span class='ocrx_word' id='word_1_245' title='bbox 705 2738 734 2792; x_wconf 91' lang='lat' dir='ltr'><strong>et</strong></span> <span class='ocrx_word' id='word_1_246' title='bbox 753 2731 787 2792; x_wconf 86' lang='lat' dir='ltr'><strong>L.</strong></span> <span class='ocrx_word' id='word_1_247' title='bbox 804 2729 929 2793; x_wconf 83' lang='lat' dir='ltr'><strong>Servilio</strong></span> <span class='ocrx_word' id='word_1_248' title='bbox 945 2730 1063 2791; x_wconf 90' lang='lat' dir='ltr'><strong>Structo</strong></span> 
     </span>
     <span class='ocr_line' id='line_1_32' title="bbox 107 2812 1063 2894; baseline -0.004 -18"><span class='ocrx_word' id='word_1_249' title='bbox 107 2822 137 2876; x_wconf 88' lang='lat' dir='ltr'><strong>et</strong></span> <span class='ocrx_word' id='word_1_250' title='bbox 152 2815 184 2875; x_wconf 87' lang='lat' dir='ltr'><strong>P.</strong></span> <span class='ocrx_word' id='word_1_251' title='bbox 199 2815 336 2876; x_wconf 87' lang='lat' dir='ltr'><strong>Lucretio</strong></span> <span class='ocrx_word' id='word_1_252' title='bbox 352 2815 544 2894; x_wconf 78' lang='lat' dir='ltr'><strong>Tricipitino,</strong></span> <span class='ocrx_word' id='word_1_253' title='bbox 565 2816 673 2876; x_wconf 88' lang='lat' dir='ltr'><strong>iterum</strong></span> <span class='ocrx_word' id='word_1_254' title='bbox 686 2812 823 2876; x_wconf 90' lang='lat' dir='ltr'><strong>omnibus</strong></span> <span class='ocrx_word' id='word_1_255' title='bbox 832 2813 895 2884; x_wconf 86' lang='lat' dir='ltr'><strong>his,</strong></span> <span class='ocrx_word' id='word_1_256' title='bbox 912 2821 941 2876; x_wconf 91' lang='lat' dir='ltr'><strong>et</strong></span> <span class='ocrx_word' id='word_1_257' title='bbox 955 2813 1063 2891; x_wconf 87' lang='lat' dir='ltr'><strong>Spurio</strong></span> 
     </span>
     <span class='ocr_line' id='line_1_33' title="bbox 106 2897 1099 2976; baseline 0 -18"><span class='ocrx_word' id='word_1_258' title='bbox 106 2899 226 2959; x_wconf 90' lang='lat' dir='ltr'><strong>Veturio</strong></span> <span class='ocrx_word' id='word_1_259' title='bbox 244 2898 366 2968; x_wconf 85' lang='lat' dir='ltr'><strong>Crasso,</strong></span> <span class='ocrx_word' id='word_1_260' title='bbox 390 2906 419 2959; x_wconf 92' lang='lat' dir='ltr'><strong>et</strong></span> <span class='ocrx_word' id='word_1_261' title='bbox 439 2899 613 2976; x_wconf 88' lang='lat' dir='ltr'><strong>insequente</strong></span> <span class='ocrx_word' id='word_1_262' title='bbox 635 2916 712 2959; x_wconf 91' lang='lat' dir='ltr'><strong>anno</strong></span> <span class='ocrx_word' id='word_1_263' title='bbox 734 2899 766 2961; x_wconf 79' lang='lat' dir='ltr'><strong>A.</strong></span> <span class='ocrx_word' id='word_1_264' title='bbox 783 2899 959 2976; x_wconf 90' lang='lat' dir='ltr'><strong>Sempronio</strong></span> <span class='ocrx_word' id='word_1_265' title='bbox 978 2897 1099 2958; x_wconf 79' lang='lat' dir='ltr'><strong>Atra-8</strong></span> 
     </span>
     <span class='ocr_line' id='line_1_34' title="bbox 106 2979 1062 3061; baseline 0 -19"><span class='ocrx_word' id='word_1_266' title='bbox 106 2983 168 3042; x_wconf 89' lang='lat' dir='ltr'><strong>tino</strong></span> <span class='ocrx_word' id='word_1_267' title='bbox 182 2981 302 3042; x_wconf 86' lang='lat' dir='ltr'><strong>tertium</strong></span> <span class='ocrx_word' id='word_1_268' title='bbox 320 2987 350 3041; x_wconf 89' lang='lat' dir='ltr'><strong>et</strong></span> <span class='ocrx_word' id='word_1_269' title='bbox 362 2979 478 3043; x_wconf 91' lang='lat' dir='ltr'><strong>duobus</strong></span> <span class='ocrx_word' id='word_1_270' title='bbox 491 2983 599 3043; x_wconf 89' lang='lat' dir='ltr'><strong>iterum</strong></span> <span class='ocrx_word' id='word_1_271' title='bbox 615 2982 652 3042; x_wconf 88' lang='grc' dir='ltr'><strong>Μ.</strong></span> <span class='ocrx_word' id='word_1_272' title='bbox 667 2982 785 3061; x_wconf 89' lang='lat' dir='ltr'><strong>Papirio</strong></span> <span class='ocrx_word' id='word_1_273' title='bbox 798 2981 950 3059; x_wconf 80' lang='lat' dir='ltr'><strong>Mugilano</strong></span> <span class='ocrx_word' id='word_1_274' title='bbox 968 2988 997 3042; x_wconf 90' lang='lat' dir='ltr'><strong>et</strong></span> <span class='ocrx_word' id='word_1_275' title='bbox 1012 2981 1062 3058; x_wconf 88' lang='lat' dir='ltr'><strong>Sp.</strong></span> 
     </span>
     <span class='ocr_line' id='line_1_35' title="bbox 107 3062 1063 3142; baseline -0.004 -16"><span class='ocrx_word' id='word_1_276' title='bbox 107 3065 213 3127; x_wconf 86' lang='lat' dir='ltr'><strong>Nautio</strong></span> <span class='ocrx_word' id='word_1_277' title='bbox 226 3062 326 3124; x_wconf 82' lang='lat' dir='ltr'><strong>Rutilo</strong></span> <span class='ocrx_word' id='word_1_278' title='bbox 345 3063 498 3126; x_wconf 90' lang='lat' dir='ltr'><strong>biennium</strong></span> <span class='ocrx_word' id='word_1_279' title='bbox 513 3064 688 3142; x_wconf 85' lang='lat' dir='ltr'><strong>tranquillae</strong></span> <span class='ocrx_word' id='word_1_280' title='bbox 704 3073 841 3128; x_wconf 85' lang='lat' dir='ltr'><strong>externae</strong></span> <span class='ocrx_word' id='word_1_281' title='bbox 860 3083 926 3133; x_wconf 88' lang='lat' dir='ltr'><strong>res,</strong></span> <span class='ocrx_word' id='word_1_282' title='bbox 950 3063 1063 3124; x_wconf 86' lang='lat' dir='ltr'><strong>discor·</strong></span> 
     </span>
     <span class='ocr_line' id='line_1_36' title="bbox 108 3146 649 3224; baseline -0.002 -15"><span class='ocrx_word' id='word_1_283' title='bbox 108 3148 154 3210; x_wconf 90' lang='lat' dir='ltr'><strong>dia</strong></span> <span class='ocrx_word' id='word_1_284' title='bbox 169 3148 249 3209; x_wconf 90' lang='lat' dir='ltr'><strong>domi</strong></span> <span class='ocrx_word' id='word_1_285' title='bbox 264 3166 300 3210; x_wconf 84' lang='lat' dir='ltr'><strong>cx</strong></span> <span class='ocrx_word' id='word_1_286' title='bbox 314 3147 438 3224; x_wconf 89' lang='lat' dir='ltr'><strong>agrariis</strong></span> <span class='ocrx_word' id='word_1_287' title='bbox 452 3146 567 3224; x_wconf 84' lang='lat' dir='ltr'><strong>legibus</strong></span> <span class='ocrx_word' id='word_1_288' title='bbox 586 3149 649 3208; x_wconf 89' lang='lat' dir='ltr'><strong>luit.</strong></span> 
     </span>
    </p>

    <p class='ocr_par' dir='ltr' id='par_1_6' title="bbox 108 3230 1098 3393">
     <span class='ocr_line' id='line_1_37' title="bbox 170 3230 1098 3311; baseline 0 -19"><span class='ocrx_word' id='word_1_289' title='bbox 170 3230 292 3292; x_wconf 86' lang='lat' dir='ltr'><strong>XLVlll.</strong></span> <span class='ocrx_word' id='word_1_290' title='bbox 322 3230 502 3292; x_wconf 89' lang='lat' dir='ltr'><strong>Turbatores</strong></span> <span class='ocrx_word' id='word_1_291' title='bbox 524 3230 603 3310; x_wconf 83' lang='lat' dir='ltr'><strong>uugi</strong></span> <span class='ocrx_word' id='word_1_292' title='bbox 624 3239 707 3293; x_wconf 89' lang='lat' dir='ltr'><strong>erant</strong></span> <span class='ocrx_word' id='word_1_293' title='bbox 724 3232 773 3311; x_wconf 90' lang='lat' dir='ltr'><strong>Sp.</strong></span> <span class='ocrx_word' id='word_1_294' title='bbox 790 3230 941 3294; x_wconf 86' lang='lat' dir='ltr'><strong>Maecilius</strong></span> <span class='ocrx_word' id='word_1_295' title='bbox 958 3237 1062 3308; x_wconf 86' lang='lat' dir='ltr'><strong>quarto</strong></span> <span class='ocrx_word' id='word_1_296' title='bbox 1080 3231 1098 3282; x_wconf 82' lang='lat'>1</span> 
     </span>
     <span class='ocr_line' id='line_1_38' title="bbox 108 3313 1061 3393; baseline -0.001 -17"><span class='ocrx_word' id='word_1_297' title='bbox 108 3322 137 3376; x_wconf 90' lang='lat' dir='ltr'><strong>et</strong></span> <span class='ocrx_word' id='word_1_298' title='bbox 151 3315 195 3374; x_wconf 90' lang='lat' dir='ltr'><strong>M.</strong></span> <span class='ocrx_word' id='word_1_299' title='bbox 209 3313 337 3376; x_wconf 83' lang='lat' dir='ltr'><strong>Metilius</strong></span> <span class='ocrx_word' id='word_1_300' title='bbox 352 3315 439 3375; x_wconf 89' lang='lat' dir='ltr'><strong>tertio</strong></span> <span class='ocrx_word' id='word_1_301' title='bbox 449 3313 561 3374; x_wconf 88' lang='lat' dir='ltr'><strong>tribuni</strong></span> <span class='ocrx_word' id='word_1_302' title='bbox 575 3314 687 3393; x_wconf 85' lang='lat' dir='ltr'><strong>plebis,</strong></span> <span class='ocrx_word' id='word_1_303' title='bbox 703 3315 789 3376; x_wconf 90' lang='lat' dir='ltr'><strong>ambo</strong></span> <span class='ocrx_word' id='word_1_304' title='bbox 805 3314 942 3377; x_wconf 88' lang='lat' dir='ltr'><strong>absentes</strong></span> <span class='ocrx_word' id='word_1_305' title='bbox 960 3315 1061 3376; x_wconf 87' lang='lat' dir='ltr'><strong>creati.</strong></span> 
     </span>
    </p>

    <p class='ocr_par' dir='ltr' id='par_1_7' title="bbox 108 3396 1098 3477">
     <span class='ocr_line' id='line_1_39' title="bbox 108 3396 1098 3477; baseline 0 -18"><span class='ocrx_word' id='word_1_306' title='bbox 108 3406 137 3459; x_wconf 91' lang='lat' dir='ltr'><strong>et</strong></span> <span class='ocrx_word' id='word_1_307' title='bbox 158 3414 224 3457; x_wconf 89' lang='lat' dir='ltr'><strong>curn</strong></span> <span class='ocrx_word' id='word_1_308' title='bbox 247 3400 429 3476; x_wconf 89' lang='lat' dir='ltr'><strong>rogationem</strong></span> <span class='ocrx_word' id='word_1_309' title='bbox 449 3396 700 3476; x_wconf 86' lang='lat' dir='ltr'><strong>promulgassent,</strong></span> <span class='ocrx_word' id='word_1_310' title='bbox 722 3406 756 3460; x_wconf 92' lang='lat' dir='ltr'><strong>ut</strong></span> <span class='ocrx_word' id='word_1_311' title='bbox 777 3416 848 3477; x_wconf 91' lang='lat' dir='ltr'><strong>ager</strong></span> <span class='ocrx_word' id='word_1_312' title='bbox 871 3418 907 3461; x_wconf 86' lang='lat' dir='ltr'><strong>ex</strong></span> <span class='ocrx_word' id='word_1_313' title='bbox 927 3397 1061 3460; x_wconf 88' lang='lat' dir='ltr'><strong>hostibus</strong></span> <span class='ocrx_word' id='word_1_314' title='bbox 1078 3401 1098 3450; x_wconf 76' lang='lat'><strong>²</strong></span> 
     </span>
    </p>
   </div>
   <div class='ocr_carea' id='block_1_4' title="bbox 142 3486 987 3567">
    <p class='ocr_par' dir='ltr' id='par_1_8' title="bbox 142 3486 987 3567">
     <span class='ocr_line' id='line_1_40' title="bbox 142 3486 987 3567; baseline 0.006 -24"><span class='ocrx_word' id='word_1_315' title='bbox 142 3507 168 3543; x_wconf 80' lang='lat' dir='ltr'><strong>r.</strong></span> <span class='ocrx_word' id='word_1_316' title='bbox 183 3509 244 3544; x_wconf 71' lang='grc' dir='ltr'><strong>ων]</strong></span> <span class='ocrx_word' id='word_1_317' title='bbox 256 3511 325 3546; x_wconf 76' lang='lat' dir='ltr'><strong>rans</strong></span> <span class='ocrx_word' id='word_1_318' title='bbox 337 3507 358 3544; x_wconf 71' lang='grc' dir='ltr'><strong>ι.</strong></span> <span class='ocrx_word' id='word_1_319' title='bbox 507 3543 511 3547; x_wconf 88' lang='grc'>.</span> <span class='ocrx_word' id='word_1_320' title='bbox 718 3543 720 3546; x_wconf 94' lang='grc'>.</span> <span class='ocrx_word' id='word_1_321' title='bbox 869 3486 909 3548; x_wconf 87' lang='grc'><strong>16</strong></span> <span class='ocrx_word' id='word_1_322' title='bbox 985 3563 987 3567; x_wconf 23' lang='grc' dir='ltr'>ι</span> 
     </span>
    </p>
   </div>
   <div class='ocr_carea' id='block_1_5' title="bbox 0 0 1294 3954">
    <p class='ocr_par' dir='ltr' id='par_1_9' title="bbox 0 0 1294 3954">
     <span class='ocr_line' id='line_1_41' title="bbox 0 0 1294 3954; baseline 0 2"><span class='ocrx_word' id='word_1_323' title='bbox 0 0 1294 3954; x_wconf 95' lang='lat' dir='ltr'><strong> </strong></span> 
     </span>
    </p>
   </div>
  </div>
 </body>
</html>
