2548 3954
211 215 229 276 8
527 226 622 270 umus
638 227 659 270 1.
696 226 766 270 cur.
783 221 808 272 5.
824 218 849 272 6.

174 391 192 440 s
273 374 334 434 lam
347 374 417 435 inde
431 373 469 436 ¹rb
481 376 565 436 initio
578 373 717 435 Faustulo
732 392 800 453 spes
811 375 906 436 irrorat
919 377 1030 452 regiam
1042 378 1164 454 stirpem

211 459 289 537 apud
312 476 345 518 se
367 459 501 521 educari:
526 474 594 519 uam
617 466 646 518 et
670 459 818 536 expositos
839 460 920 520 iussu
941 459 1020 536 regis
1038 459 1164 520 infantes

211 540 338 610 sciebat,
358 549 386 603 et
399 548 530 620 tempus,
546 559 605 619 quo
620 543 683 618 ipse
700 558 750 602 eos
763 541 943 611 sustulisset,
967 543 1003 603 ad
1019 541 1049 602 id
1068 545 1164 621 ipsum

212 643 392 704 congruere;
415 625 467 687 sed
490 643 554 687 rem
576 627 750 684 inmaturam
769 626 825 686 nisi
844 634 893 685 aut
907 643 961 704 per
979 628 1165 687 occasionem

177 716 261 775 taut
282 727 336 787 per
356 711 560 770 necessitatem
581 709 697 787 aperire
725 707 868 770 noluerat.
900 712 1058 770 necessitas
1082 711 1165 787 prior

212 794 298 854 uenit.
327 795 366 852 ita
382 800 462 853 metu
477 791 615 852 subactus
628 791 754 852 Romulo
766 810 830 852 rem
841 795 944 870 aperit.
968 793 1045 854 forte
1062 798 1090 853 et
1105 791 1164 852 Nu·

211 879 319 948 mitori,
338 895 406 936 cum
417 877 448 934 in
464 877 595 963 custodia
610 875 735 936 Remum
748 874 887 945 haberet,
911 877 1097 953 audissetque
1115 894 1165 952 ge·

211 963 307 1022 minos
320 979 385 1022 esse
395 960 511 1030 fratres,
528 959 726 1038 comparando
742 968 771 1020 et
781 967 905 1021 aetatem
917 977 1020 1020 eormn
1033 966 1061 1020 et
1071 962 1165 1038 ipsam

211 1045 332 1104 minime
350 1041 485 1104 servilem
502 1041 631 1103 indolem
654 1043 790 1120 tetigerat
810 1044 940 1102 animum
954 1044 1097 1122 mempria
1114 1060 1165 1104 ne·
1257 1053 1258 1070 ³

127 1197 135 1202 g
211 1135 329 1206 potum:
353 1126 587 1203 sciscitandoque
608 1126 711 1186 eodem
734 1117 882 1204 pervenit,
912 1134 943 1186 ut
961 1125 1040 1187 haud
1061 1125 1164 1204 procul

179 1219 304 1280 resset,
334 1212 406 1287 quin
426 1209 551 1272 Remum
571 1218 754 1290 agnosceret.
788 1209 828 1270 ita
852 1211 981 1286 undique
1003 1211 1068 1287 regi
1082 1209 1167 1270 dolus

213 1295 349 1356 uectitm.
370 1293 512 1356 Romulus
522 1311 582 1354 nou
598 1310 665 1352 cum
679 1291 766 1370 globo
778 1293 925 1364 iuvenum,
941 1311 996 1354 neo
1013 1295 1092 1354 enim
1105 1303 1167 1354 erut

213 1379 250 1439 ad
261 1379 319 1436 vim
334 1385 466 1456 apertam
476 1396 540 1456 par,
560 1377 612 1440 sed
627 1377 692 1442 aliis
703 1376 761 1436 alio
776 1378 881 1438 itinere
897 1378 983 1438 iussis
999 1385 1081 1437 certo
1094 1385 1165 1436 tem·

212 1479 286 1541 pore
298 1461 334 1520 ad
344 1463 457 1537 regiam
471 1462 572 1521 venire
585 1458 752 1537 pastoribus
767 1460 803 1520 ad
814 1477 915 1538 regem
931 1461 1073 1538 'unpetum
1087 1460 1164 1525 lacit

214 1554 242 1604 et
259 1563 275 1604 a
290 1543 377 1605 domo
392 1543 552 1604 Nmnitoris
567 1541 622 1603 alia
641 1552 808 1621 comparata
819 1561 909 1604 manu
922 1529 1037 1604 adiuvat
1047 1542 1165 1604 Remus.

212 1629 251 1687 its
269 1643 371 1704 regem
386 1626 571 1688 obtruncant.
1259 1634 1260 1638 ’

180 1724 193 1773 1
274 1709 318 1770 v1.
343 1709 479 1771 Numitor
499 1713 576 1770 inter
597 1711 726 1788 primum
746 1710 902 1770 tumultum
917 1711 1011 1772 hostis
1027 1712 1166 1770 inuasisse

213 1794 318 1855 urbem
339 1801 426 1870 atque
446 1795 565 1855 adortos
585 1796 699 1872 regiam
713 1793 858 1864 dictitans,
874 1812 940 1854 cum
954 1792 1065 1873 pubem
1079 1792 1166 1853 Alba·

163 1930 164 1934 ,
211 1896 280 1939 nam
300 1879 332 1937 in
355 1895 454 1939 arcem
468 1879 617 1956 praesidio
637 1878 787 1955 armisque
802 1875 992 1938 obtinendam
1006 1886 1164 1945 avocasset,

212 1972 367 2040 postquam
388 1963 508 2023 iuvenes
525 1969 693 2040 perpetrata
715 1961 804 2022 caede
821 1978 948 2039 pergere
966 1962 1003 2022 ad
1019 1979 1051 2022 se
1066 1968 1165 2036 gratu·
1260 1968 1261 1998 l

211 2045 305 2106 lantes
327 2045 410 2114 vidit,
441 2044 587 2123 extemplo
615 2045 755 2105 advocato
782 2044 907 2106 concilio
934 2043 1048 2106 scelera
1076 2045 1107 2102 iu
1134 2062 1167 2104 se

211 2129 319 2198 fratris,
335 2129 481 2206 originem
495 2135 645 2206 nepotum,
663 2136 695 2187 ut
709 2128 808 2204 geniti,
824 2135 857 2188 ut
871 2128 1002 2198 educati:
1012 2137 1044 2189 ut
1055 2128 1166 2204 cogniti

213 2219 325 2281 essent,
351 2211 472 2272 caedem
498 2211 638 2288 deinceps
666 2212 781 2290 tyranni
809 2228 900 2288 seque
925 2213 988 2273 eius
1014 2217 1166 2272 auctorem

176 2300 193 2348 2
212 2295 346 2356 ostendit.
377 2296 497 2354 iuvenes
513 2312 568 2373 per
583 2294 710 2356 mediam
728 2297 897 2355 contionem
908 2296 1024 2372 agmine
1039 2294 1166 2372 ingressi

212 2395 279 2438 oum
307 2395 391 2437 avum
417 2394 519 2454 regem
545 2377 733 2448 salutassent,
757 2387 856 2438 secuta
877 2397 913 2440 ex
934 2380 1015 2438 omni
1036 2376 1166 2438 multitu·

211 2461 280 2522 diue
307 2463 494 2522 consentiens
522 2479 575 2520 vox
601 2469 697 2520 ratum
727 2479 835 2522 nomen
863 2463 1078 2540 imperiumque
1100 2465 1163 2536 regi

212 2545 309 2606 elficit.

175 2638 192 2687 3
271 2627 312 2688 ltu
334 2627 480 2688 Numitori
500 2627 612 2686 Albana
634 2646 667 2688 re
688 2630 831 2706 permissa
852 2628 1010 2689 Romulum
1026 2627 1165 2688 Remum·

211 2729 268 2789 que
284 2711 391 2788 cupido
409 2713 489 2788 cepit
503 2712 536 2768 in
551 2710 597 2770 bis
612 2710 695 2780 locis,
715 2710 767 2783 ubi
782 2712 906 2791 expositi
923 2709 1032 2788 ubique
1050 2709 1165 2772 educati

211 2802 308 2862 eraut,
332 2792 413 2853 urbis
434 2793 614 2854 condendae.
643 2804 672 2854 et
690 2804 844 2872 supererat
865 2794 1020 2855 multitudo
1037 2791 1164 2853 Albano·

209 2896 277 2937 rum
297 2875 541 2953 Latinorumque,
563 2876 651 2936 adid
671 2885 805 2954 pastores
831 2894 949 2955 quoque
970 2886 1163 2944 accesserant,

211 2962 261 3038 qui
284 2977 386 3020 onmes
401 2955 487 3020 lacile
508 2977 591 3037 spem
611 2959 744 3021 lacerent
765 2978 884 3038 parvam
899 2959 1017 3030 Albam,
1042 2977 1165 3038 parrum

176 3048 191 3095 ⁴
208 3043 362 3106 Lavinium
375 3061 448 3120 prae
464 3062 497 3103 ea
514 3041 598 3112 urbe,
615 3061 690 3120 quae
705 3045 893 3115 conderetur,
908 3044 981 3105 lore.
1008 3044 1164 3104 intervenit

209 3127 316 3189 deinde
335 3124 383 3187 his
402 3125 630 3203 cogitationibus
653 3128 761 3186 auitum
784 3127 910 3197 malum,
934 3129 1021 3206 regni
1045 3127 1164 3204 cupido,

208 3220 296 3289 atque
314 3211 382 3273 iude
399 3209 519 3270 foedum
535 3219 685 3271 certamen
703 3219 838 3271 coortum
855 3230 871 3271 a
889 3213 959 3272 satis
973 3211 1035 3271 miti
1051 3209 1164 3288 prinei·

209 3297 267 3372 pio.
299 3296 438 3370 quoniam
460 3293 570 3372 gemini
585 3303 697 3364 essent,
722 3313 776 3356 uec
796 3295 898 3356 aetatis
913 3294 1090 3355 verecmidia
1105 3293 1165 3352 dis·

209 3379 322 3436 crimen
344 3377 443 3437 lacere
462 3384 577 3454 posset,
597 3383 628 3435 ut
644 3375 700 3446 dii,
720 3395 846 3455 quorum
861 3376 970 3438 tutelae
987 3396 1021 3440 ea
1036 3377 1101 3437 loca
1117 3394 1164 3436 es·

208 3471 288 3529 seut,
307 3460 438 3535 auguriis
454 3459 600 3536 legerent,
620 3460 669 3535 qui
689 3478 795 3522 unomen
810 3478 902 3522 novae
917 3459 985 3520 urbi
1000 3462 1093 3529 daret,
1112 3459 1163 3534 qui
