2534 3956
336 187 431 228 nrnna
446 187 476 230 v.
505 185 575 230 car.
591 176 618 232 6.
633 175 658 233 7.
685 167 727 247 [a.
745 167 780 230 0.
794 169 859 250 toti]
1010 175 1075 242 268

121 335 223 398 sinitis.
249 335 397 412 reliquum
412 342 470 405 est,
485 341 532 405 ut,
548 352 623 413 quae
636 333 686 395 bio
698 334 910 404 vociferantur,
924 334 1027 397 eadem
1041 337 1074 396 in
1092 343 1126 397 lb

120 420 223 480 eastris
239 426 268 481 et
281 418 360 497 apud
373 416 481 479 milites
492 424 594 496 agant,
613 425 641 478 et
651 418 797 479 exercitus
809 424 1004 497 conrumpant
1018 419 1073 479 du-

120 501 263 580 cibusque
276 518 383 580 parere
397 517 458 561 non
480 502 642 580 patiantur,
664 501 802 580 qnoniam
823 518 856 560 ea
875 500 994 561 demum
1012 501 1072 563 Ro·
1092 512 1124 563 tt

120 603 185 646 mae
195 584 318 646 libertas
328 591 386 654 est,
404 601 464 645 non
475 590 607 646 senatum
624 600 684 644 non
700 584 899 662 magistratus,
915 600 976 644 non
990 582 1074 662 leges

118 685 180 728 non
191 685 290 729 mores
301 668 460 737 maiorum,
475 684 536 728 non
546 668 675 728 instituta
684 674 802 746 patrum
812 684 872 728 non
887 666 1073 746 disciplinam

5 729 7 814 l
119 752 215 813 vereri
229 751 379 812 militiae.“

179 834 236 896 vti.
269 835 325 896 Par
345 836 403 895 iam
424 835 512 896 etiam
533 836 564 894 in
579 832 765 896 contionibus
780 841 843 896 erat
852 835 964 914 Appius
977 833 1107 895 tribu-1

118 918 164 979 nis
178 915 288 996 plebis,
305 935 371 979 cum
382 916 493 988 subito,
512 917 590 979 unde
603 919 722 980 minime
737 920 802 997 quis
817 918 969 987 crederet,
987 935 1071 980 aece-

116 1009 166 1079 pta
183 999 331 1062 calamitas
348 1002 426 1081 apud
443 1001 530 1063 Veios
546 1009 576 1062 et
591 1002 776 1079 superiorem
792 1002 919 1081 Appium
936 1003 968 1061 in
984 1019 1072 1062 causa

117 1092 147 1146 et
164 1085 322 1146 eoncordia
347 1085 484 1145 ordinum
513 1086 657 1145 maiorem
677 1085 814 1145 ardorem
835 1085 873 1146 ad
894 1083 1072 1146 obsidendos

117 1169 296 1246 pertinacius
311 1167 398 1229 Veios
413 1167 491 1228 feeit
523 1185 592 1227 nam
613 1183 681 1228 eum
696 1183 786 1244 agger
801 1174 955 1245 promotus
969 1166 1006 1227 ad
1020 1184 1070 1227 ur·
1088 1177 1106 1225 2

116 1249 185 1311 bem
201 1251 363 1327 vineaeque
376 1257 491 1312 tantum
509 1267 570 1310 non
598 1252 658 1310 iam
672 1251 822 1311 iniunctae
841 1248 998 1311 moenibus
1024 1269 1071 1311 es·

115 1340 196 1403 sent,
218 1332 288 1393 dum
309 1350 400 1412 opera
416 1333 546 1394 interdiu
562 1333 637 1394 flunt
656 1334 796 1394 intentius
815 1349 903 1410 quam
917 1339 1004 1395 nocte
1019 1350 1071 1393 ou·

116 1416 296 1486 stodiuntur,
312 1416 456 1495 patefacta
473 1423 596 1496 repente
609 1423 695 1495 porta
711 1417 817 1494 ingens
830 1416 984 1478 multitudo
999 1417 1072 1477 iaci·

115 1498 172 1560 bus
191 1501 317 1561 maxime
338 1507 449 1562 armata
474 1500 558 1578 ignes
580 1501 720 1569 coniecit,
749 1500 900 1578 horaeque
920 1505 1106 1568 momentoa

115 1582 203 1644 simul
218 1599 355 1661 aggerem
366 1601 401 1645 ao
414 1585 528 1654 vineas,
543 1591 602 1644 tam
616 1582 698 1661 longi
709 1585 850 1662 temporis
860 1601 949 1664 opus,
967 1586 1070 1644 incen-

116 1667 196 1727 dium
212 1665 324 1736 bauain
346 1667 490 1747 multique
503 1667 546 1727 ibi
561 1665 700 1728 mortales
717 1669 896 1745 nequiquam
917 1683 1005 1745 opem
1025 1667 1070 1727 ie·

114 1757 214 1812 rentes
238 1750 319 1811 ierro
339 1752 460 1829 ignique
485 1749 632 1828 absumpti
659 1757 735 1810 sunt.
773 1749 925 1827 quodxubl
944 1749 1105 1811 Romame

115 1841 159 1894 est
169 1835 349 1904 nuntiatum,
361 1834 535 1895 maestitiam
544 1831 695 1903 omnibns,
708 1834 822 1894 senatui
832 1850 933 1893 euram
944 1839 1069 1894 metum·

115 1932 172 1992 qne
186 1916 303 1986 iniecit,
320 1933 358 1977 ne
371 1921 434 1998 tupi
452 1932 522 1976 vero
537 1916 676 1977 sustineri
691 1933 747 1976 nee
762 1917 794 1975 in
805 1913 879 1976 urbe
890 1916 994 1977 seditio
1012 1932 1069 1976 nee

114 2001 146 2058 iu
162 1998 266 2060 eastris
282 2005 396 2077 posset,
416 2005 446 2060 et
459 1996 572 2059 tribuni
588 1997 684 2077 plebis
704 1997 784 2059 reiut
799 1997 835 2058 ab
858 2017 890 2060 se
910 2000 1002 2060 victae
1023 1999 1070 2058 rei

113 2080 250 2160 publicae
266 2081 455 2153 institerant,
472 2098 539 2142 oum
552 2088 677 2160 repente
692 2081 798 2160 quibus
813 2099 920 2143 census
931 2088 1069 2160 equester
1086 2089 1105 2142 b

114 2171 192 2236 erat,
218 2165 287 2242 equi
303 2165 416 2244 publici
430 2182 491 2226 non
507 2171 591 2226 erant
604 2165 760 2242 adsignati,
783 2164 906 2226 consilio
922 2167 1006 2246 prius
1022 2167 1069 2225 in·

1 2307 2 2328 ζ
114 2255 160 2309 ter
173 2267 237 2310 sese
250 2248 351 2309 habito
363 2255 497 2310 senatum
510 2248 634 2318 adeunt,
651 2247 785 2326 iactaque
796 2249 914 2310 decadi
924 2255 1069 2328 potestate

115 2333 198 2412 equis
215 2351 246 2394 se
268 2333 329 2394 suis
350 2331 495 2411 stipendia
514 2331 643 2393 tacturos
662 2333 845 2410 promittunt
874 2331 1069 2408 quibuscum

114 2415 300 2495 amplissimis
314 2416 412 2478 verbis
426 2417 538 2494 gratim
555 2414 592 2476 ab
613 2422 715 2476 senatu
738 2421 820 2476 actae
843 2423 954 2485 essent,
978 2417 1070 2476 iama-

114 2517 171 2577 que
188 2518 222 2560 ea
242 2500 340 2560 iorum
358 2508 446 2576 atque
461 2497 567 2559 urbem
581 2499 772 2576 pervasisset,
790 2497 887 2559 subito
902 2498 940 2559 ad
957 2500 1070 2558 curiam

115 2598 278 2642 concursus
292 2582 325 2642 iit
341 2581 454 2661 piebis;
469 2580 614 2660 pedestris
630 2581 742 2642 ordinis
756 2599 788 2642 se
805 2582 886 2642 aiunt
902 2598 981 2642 nune
1003 2600 1068 2643 esse
1085 2591 1103 2642 7

113 2682 295 2745 operamque
310 2666 356 2727 rei
366 2663 502 2745 publicae
515 2671 596 2725 extra
606 2663 741 2725 ordinem
752 2663 902 2743 polliceri,
918 2683 971 2726 seu
982 2665 1069 2726 Veios

112 2765 241 2826 seuque
260 2747 316 2813 alio
333 2749 443 2810 ducere
458 2747 555 2810 velint.
584 2751 611 2809 si
625 2747 712 2809 Veios
727 2747 807 2808 ducti
821 2749 895 2819 sint,
905 2754 1020 2826 ¹negant
1034 2767 1069 2810 sa

113 2831 182 2893 inde
196 2834 281 2909 prius
300 2849 388 2910 quam
404 2838 487 2911 capta
502 2831 578 2893 urbe
592 2831 722 2893 hostium
735 2832 883 2893 redituros
897 2849 970 2894 esse.
1006 2839 1068 2893 tunr
1085 2842 1104 2894 Β

114 2932 183 2975 vero
204 2917 262 2976 iam
282 2915 506 2996 superfundenti
526 2933 558 2977 se
577 2915 706 2977 laetitiae
729 2917 775 2976 vix
796 2921 992 2994 temperatum
1014 2923 1067 2978 est

114 3016 174 3058 non
193 3000 271 3060 enim
285 3000 361 3060 sicut
377 3001 491 3077 equites
507 2999 574 3060 dato
589 2998 808 3076 magistratibus
820 3001 938 3077 negotio
953 2998 1069 3060 laudari

113 3083 200 3152 iussi,
218 3090 381 3157 nequeant
399 3084 429 3141 in
447 3084 558 3143 curiam
573 3083 682 3151 vocati,
704 3082 811 3158 quibus
825 3100 1002 3162 responsum
1016 3083 1067 3142 da·

113 3173 211 3234 retur,
229 3171 279 3225 aut
293 3164 395 3226 limine
410 3167 511 3227 curiae
531 3162 737 3226 continebatur
751 3173 882 3235 semiue,
900 3165 952 3227 sed
965 3183 1021 3245 pro
1036 3185 1068 3228 se
1085 3175 1103 3227 t

113 3250 237 3328 quisque
250 3266 286 3310 ex
299 3249 452 3326 superiore
464 3246 530 3309 loco
541 3248 578 3308 ad
587 3246 803 3309 multitudinem
814 3249 844 3308 in
860 3249 977 3310 conrido
988 3256 1067 3311 stan-

114 3339 174 3392 tem
189 3350 260 3394 voce
275 3330 471 3408 manibusque
488 3331 655 3408 significare
663 3329 812 3409 publicam
826 3331 980 3402 laetitiam,
996 3331 1067 3394 bea·
1086 3343 1120 3395 tu

115 3421 173 3477 tam
191 3415 295 3478 urbem
308 3414 470 3476 Romanam
482 3421 511 3476 et
523 3415 660 3476 invictam
674 3420 704 3474 et
717 3422 866 3477 aeternam
880 3415 930 3479 illa
942 3433 1066 3478 coneor-
