2580 3954
303 167 398 276 urunn
415 234 459 278 ιι
486 233 556 277 ean.
575 224 618 278 ιι.
636 225 680 279 ιι.
707 215 747 340 [e.
764 215 799 275 0.
813 213 877 290 ιιι]
1005 218 1068 282 235

115 402 232 466 quoque
255 383 370 460 magnis
392 382 498 443 animis
518 388 606 459 etque
626 380 752 460 iugenirs
772 386 878 442 esseut.
916 381 968 442 sed
988 381 1101 459 quode

115 469 221 530 viderit
241 467 356 528 referre
382 483 478 544 posse.
515 465 621 526 uidisse
644 470 743 525 autem
764 483 809 533 se,
832 464 1008 562 prinsquam
1030 462 1065 524 ab

116 554 180 614 ecie
195 548 459 618 intercluderetur,
475 547 647 610 consulem
639 565 670 606 m
686 548 782 626 prima
797 549 859 610 acie
875 553 1066 628 pugnantem,

116 635 337 702 adhortantem,
357 632 539 710 intersigna
563 630 695 692 Romana
717 630 834 710 telaque
853 631 983 692 hostium
1003 648 1069 692 ver·

115 724 241 780 sautem.
268 720 372 796 postea
386 733 419 776 se
434 732 452 776 a·
466 720 627 795 conspectu
646 731 769 775 suorum
792 714 922 776 ablatum
943 732 979 776 ex
993 722 1069 776 stre·
1086 733 1103 782 e

116 803 180 881 pitu
193 805 294 862 tamen
311 804 340 860 et
354 797 484 861 clamore
506 799 649 868 sensisse,
669 815 763 876 usque
780 798 816 859 ad
832 805 949 860 nectem
973 802 1069 860 entra·

117 890 197 946 ctum
219 889 385 951 certamem
408 899 464 944 uec
484 884 520 943 ad
542 881 704 952 tumulum,
729 900 816 960 quem
839 884 903 962 ipse
923 887 1068 950 tenuerat,

115 985 187 1048 prae
214 964 400 1028 multitudine
430 964 560 1028 hostium
592 966 715 1028 credere
745 967 901 1046 perrumpi
927 967 1068 1066 potuisse.

116 1051 263 1113 exercitus
280 1048 333 1110 uhi
348 1055 439 1120 esset,
455 1068 488 1112 se
501 1051 634 1118 neseire;
650 1047 802 1120 arbitrari,
817 1049 921 1112 velut
913 1067 978 1129 1pse
990 1051 1021 1109 in
1036 1067 1069 1109 re
1087 1063 1104 1116 a

115 1134 231 1214 trepida
246 1133 305 1194 loci
319 1133 468 1213 praesidio
482 1151 515 1194 se
529 1150 657 1211 suosque
672 1133 709 1193 sit
723 1137 847 1204 tutatrrs,
863 1133 906 1194 sic
917 1131 1069 1195 consulem

117 1215 254 1279 servandi
270 1217 418 1277 exercitus
433 1233 522 1278 causa
536 1215 602 1277 loca
614 1217 724 1276 tutiora
739 1217 843 1277 castris
861 1217 984 1294 cepisse.
1014 1232 1070 1276 nec
1087 1234 1103 1283 ι

10 1337 11 1344 ι
116 1299 291 1361 Volscorurn
303 1298 441 1360 meliores
452 1317 500 1360 res
510 1317 575 1360 esse
584 1299 706 1361 credere
715 1316 803 1378 quam
815 1299 918 1379 populi
928 1298 1068 1359 Romani:

116 1383 267 1444 fortunam
281 1389 456 1461 noctemque
476 1383 573 1443 omnia
590 1384 701 1444 erroris
721 1384 816 1444 mutui
833 1381 971 1462 inplesse.
1001 1400 1069 1461 prc-

118 1471 293 1544 cantemque
308 1465 428 1536 deiude,
450 1484 488 1528 ne
506 1486 539 1528 se
552 1466 662 1528 sessum
677 1465 780 1528 labore
795 1486 830 1528 ac
843 1465 1013 1527 volneribus
1026 1471 1070 1526 te·

118 1555 238 1620 nerent,
257 1566 324 1609 cum
335 1551 447 1628 ingenti
460 1549 547 1612 laude
560 1567 621 1612 non
632 1551 746 1612 virtutis
761 1552 854 1630 magis
866 1567 954 1629 quam
968 1549 1069 1610 mode-

117 1633 238 1695 rationis
253 1633 414 1695 dimissum.

181 1717 254 1778 Cum
267 1717 342 1778 haec
356 1723 530 1796 agerentur,
551 1720 610 1779 iam
625 1716 729 1780 consul
747 1718 791 1778 rie
808 1714 953 1777 Labicana
969 1716 1005 1776 ad
1026 1715 1068 1775 la·
1086 1734 1103 1785 8

118 1819 190 1861 uum
206 1799 318 1868 Quietis
332 1807 404 1861 erat.
440 1819 475 1862 eo
496 1801 585 1862 missa
600 1800 733 1880 plaustra
749 1801 939 1878 iumentaque
961 1798 1017 1860 alia
1031 1797 1068 1858 ab

119 1882 194 1945 urhe
205 1884 366 1945 exercitum
377 1884 524 1946 adiectum
535 1883 649 1982 proelio
658 1903 692 1946 ac
702 1885 747 1944 via
758 1889 903 1945 nocturna
916 1900 1068 1960 excepere.

118 1965 316 2046 paulopost
307 1983 338 2027 ιιι
354 1965 459 2030 urbem
476 1969 548 2029 est
539 1984 690 2045 mgressus
704 1967 806 2028 consul
826 1984 887 2028 non
907 1965 943 2026 ab
960 1984 993 2026 se
1009 1983 1069 2025 ma·
1087 1983 1104 2034 o

120 2051 164 2127 gis
180 2052 265 2111 enixe
281 2066 419 2112 amovens
434 2049 551 2128 culpam
566 2068 653 2129 quam
669 2052 863 2130 Tempanium
878 2051 991 2111 meritis
1006 2048 1069 2109 lau·

120 2132 206 2194 dibus
219 2133 327 2194 ferens.
356 2140 485 2196 maestae
507 2135 615 2196 civitati
629 2133 665 2194 ab
680 2152 714 2196 re
734 2133 810 2197 male
828 2139 910 2212 gesta
928 2139 957 2194 et
977 2134 1070 2192 iratae
1088 2151 1121 2203 10

120 2216 245 2278 ducibus
261 2217 297 2278 Μ.
311 2217 478 2280 Postumius
489 2235 559 2280 reus
570 2217 718 2290 obiectus,
734 2236 785 2298 qur
775 2217 933 2280 tribunus
943 2215 1070 2277 milituin

120 2317 175 2379 pro
193 2300 314 2362 consule
332 2302 368 2363 ad
382 2303 469 2362 Veios
489 2302 600 2372 lecerat,
623 2303 726 2363 decem
740 2300 858 2363 milibus
878 2301 955 2363 aeris
975 2299 1070 2378 graus
1148 2303 1152 2312 '

120 2384 283 2445 damnatur.
321 2385 354 2446 Τ.
371 2383 538 2455 Quinctium
563 2385 706 2463 collegam
727 2386 805 2455 eius,
826 2386 893 2463 quia
909 2390 939 2445 et
958 2385 990 2443 in
1003 2380 1070 2442 Vol·
1090 2396 1119 2448 11

7 2501 8 2510 ι
119 2469 177 2528 scis
200 2467 303 2528 consul
320 2470 450 2547 euspicio
468 2469 617 2530 dictatoris
632 2470 764 2528 Postumi
779 2467 911 2530 Tuberti·
923 2474 952 2527 et
970 2466 1007 2526 ael
1023 2465 1070 2524 Fi·

120 2551 211 2611 denas
236 2550 350 2628 legatus
369 2552 519 2612 dictatoris
540 2550 660 2612 alterius
686 2552 772 2611 llam.
792 2549 898 2611 Aemili
923 2567 971 2611 res
1000 2565 1071 2627 pro·

120 2650 207 2712 spere
218 2641 357 2711 gesserat,
372 2639 464 2694 totam
475 2632 629 2712 crrlpam
604 2651 667 2695 erus
679 2635 842 2720 temporis
835 2650 866 2693 m
877 2633 1070 2711 praedamna·
1114 2660 1119 2668 ·

7 2703 9 2762 3
120 2727 182 2776 ιιιιιι
207 2715 349 2795 collegam
377 2716 604 2778 transferentem
626 2735 728 2779 omnes
750 2711 847 2778 'tribus
872 2714 1069 2776 absolverunt.

120 2801 306 2880 proluisse
282 2817 309 2862 er
323 2801 486 2862 Cincinnati
505 2801 598 2879 patris
611 2801 892 2870 memoriadieitur,
917 2796 1232 2900 venerabi-1⁶&

7 2863 9 2920 ἶ
121 2883 196 2942 lis
170 2885 240 2952 vrri,
261 2890 291 2945 et
303 2894 421 2946 exa'ctae
432 2884 493 2944 iam
517 2884 619 2945 aetatis
636 2883 816 2962 Capitolinus
826 2881 981 2953 Quinctius
1000 2899 1070 2960 sup·

7 2967 9 2990 ³
121 2964 236 3064 pliciter
252 2983 354 3036 orans,
373 2985 411 3029 ne
422 2986 454 3028 se
465 2967 547 3029 brevi
558 2966 672 3046 reliquo
686 2969 762 3029 vitae
778 2968 872 3046 spatio
884 2973 946 3028 tam
956 2965 1070 3025 tristem

122 3049 257 3108 nuntium
272 3049 351 3112 terre
365 3050 401 3111 ad
418 3049 622 3112 Cincinnatum
637 3057 817 3128 paterentur.

183 3131 267 3192 XLll.
296 3131 385 3194 Plebs
400 3131 535 3194 tribunos
553 3132 632 3212 plebi
647 3133 784 3196 absentes
796 3135 863 3195 Sex.
875 3131 1071 3209 Tempanium
1093 3146 1102 3196 ι

121 3219 154 3276 A.
175 3214 296 3277 Sellium
319 3215 385 3277 Sex.
414 3216 570 3276 Antistium
593 3223 621 3277 et
635 3217 685 3294 Sp.
706 3215 818 3278 lcilium
834 3217 917 3285 lecit,
942 3232 1017 3292 quos
1043 3219 1072 3275 et

12 3331 14 3336 ,
123 3316 177 3378 pro
208 3297 430 3360 centurionibus
454 3298 523 3360 sibi
534 3300 739 3378 praefecerant
764 3299 924 3378 Tempanio
950 3304 1071 3358 auctore

119 3383 245 3460 equites.
281 3389 415 3452 senatus,
436 3399 503 3444 cum
521 3383 588 3444 odio
612 3383 769 3464 Semproni
786 3379 940 3444 consulare
962 3397 1106 3448 nomene
1198 3362 1201 3369 ’

122 3465 300 3535 attenderet.
322 3467 458 3528 tribunos
481 3465 606 3526 militum
628 3467 776 3529 consulari
812 3472 956 3546 potestate
977 3463 1072 3527 creari
