2534 3956
275 260 371 301 mam
385 259 414 301 v.
438 257 509 300 eas.
540 249 637 304 asar.
669 239 707 322 [a.
726 239 761 300 (t.
778 249 840 306 aas.
856 237 917 321 aas]
1019 243 1081 309 283

120 406 296 488 simulabant
309 408 415 490 parari
437 407 559 476 ducem;
584 407 636 468 sed
659 406 808 484 largitioni
833 405 1009 468 tribuniciae
1028 408 1080 469 ad-

1 488 5 515 ³
119 494 266 554 versarius
278 487 484 569 quaerebatur.
513 507 581 550 cum
593 490 714 552 Camillo
729 491 822 552 creati
836 488 948 550 tribuni
955 490 1080 552 militum
1097 505 1114 554 2

19 598 24 612 ·
119 574 269 637 consulari
288 581 432 652 potestate
451 574 484 635 L.
502 573 610 635 Furius
632 573 809 636 Medullinus
840 581 955 635 sextum
978 574 1008 636 G.
1024 574 1080 634 be·

79 655 81 659 ’
119 659 217 720 mitius
239 658 271 720 L.
289 656 422 718 Valerius
435 655 597 728 ¹Publicola
621 658 672 736 Sp.
687 657 855 720 Postumius
876 657 908 720 P.
925 657 1080 720 Cornelius

1 772 3 784 =
118 746 236 806 iterum.

180 825 330 904 Principio
349 826 419 886 anni
439 824 552 886 tribuni
577 823 673 904 plebis
694 823 766 884 nihil
786 832 956 894 moverunt,
984 825 1114 886 doneca

1 929 3 964 t
120 911 157 974 Μ.
175 909 281 971 Furius
297 907 435 972 Camillus
449 910 481 970 in
497 909 642 979 Faliscos,
669 910 717 968 cui
733 908 764 969 id
783 905 895 968 bellum
910 907 1080 972 mandatum

1 1041 2 1048 κ
119 1002 197 1065 erat,
217 994 466 1074 proficisceretur.
499 991 664 1055 differendo
686 992 792 1054 deinde
816 991 946 1070 elanguit
965 1010 1030 1061 res,
1052 998 1082 1053 et

1 1111 2 1120 κ
120 1078 256 1147 Camillo,
274 1095 362 1154 quem
379 1077 581 1138 adversarium
599 1077 725 1138 maxime
742 1083 923 1145 metuerant,
938 1074 1033 1154 glorie
1048 1076 1080 1135 in

119 1162 241 1224 Faliscis
256 1162 356 1222 crevit
387 1177 456 1220 nam
473 1161 652 1238 cumprime
667 1158 823 1220 moenibus
837 1177 869 1220 se
880 1159 982 1220 hostes
996 1166 1079 1220 tene·
1097 1166 1114 1214 4

119 1252 188 1308 rent
201 1245 379 1306 tutissimum
390 1243 421 1304 id
436 1244 509 1314 rati,
523 1241 715 1322 populatione
727 1259 867 1321 agrorum
878 1249 966 1320 atque
977 1243 1080 1302 incen-

121 1330 176 1390 diis
198 1327 334 1388 villarum
356 1329 453 1404 coegit
474 1345 526 1389 eos
543 1326 644 1404 egredi
665 1324 750 1388 urbe.
784 1325 837 1389 sed
851 1327 941 1387 tbnor
961 1324 1079 1402 longius

119 1411 261 1492 progredi
283 1409 443 1490 prohibuit.
476 1410 557 1472 mille
573 1410 636 1472 lere
657 1428 776 1489 passum
797 1408 833 1470 ab
852 1409 961 1488 oppido
984 1416 1114 1470 castras

120 1496 218 1558 locant
237 1494 318 1556 nulla
339 1513 373 1558 re
395 1494 451 1556 alia
468 1495 592 1558 fidentes
608 1496 726 1556 casatis
746 1501 807 1556 tuta
823 1512 887 1556 esse
901 1511 990 1571 quam
1003 1493 1079 1554 diiii·
1174 1493 1176 1504 ’

120 1580 228 1642 cultate
243 1579 338 1641 aditus
354 1581 469 1659 asperis
485 1579 728 1656 confragosisque
742 1579 822 1639 circa
834 1586 864 1639 et
884 1581 993 1658 partim
1008 1577 1080 1638 artis

119 1664 228 1744 partim
236 1664 337 1725 arduis
350 1665 413 1726 viis.
442 1671 573 1726 ceterum
589 1661 727 1725 Camillus
742 1664 887 1741 captiuum
902 1662 1032 1722 indicem
1044 1679 1080 1721 ex
1098 1667 1115 1718 6

122 1749 199 1826 agris
215 1755 333 1810 secutus
351 1748 458 1810 ducem
474 1749 578 1808 castris
593 1745 685 1806 multa
696 1752 784 1806 nocte
798 1745 885 1806 motis
902 1746 998 1824 prima
1013 1743 1081 1804 luce

122 1831 269 1909 aliquanto
283 1829 488 1910 superioribus
502 1829 577 1890 locis
590 1848 623 1891 se
635 1828 771 1890 ostendit.
799 1829 943 1889 trifariam
953 1828 1081 1888 Romani
1098 1837 1114 1888 7
1150 1855 1154 1862 -

124 1913 307 1984 muniebant,
327 1913 402 1974 alius
416 1915 563 1975 exercitus
578 1911 693 1992 proelio
704 1914 835 1973 intentus
849 1911 953 1974 stabat.
978 1909 1022 1972 ibi
1034 1913 1079 1971 in·

122 1997 225 2077 pedire
247 2015 322 2076 opus
345 2004 467 2058 conatos
489 1996 589 2058 hostes
610 1996 707 2058 tundit
731 1996 886 2074 fugatque
908 2002 1080 2074 tantumque

120 2081 189 2142 inde
201 2083 318 2162 pavoris
333 2079 456 2143 Faliscis
475 2082 616 2142 iniectum
637 2086 695 2149 est,
728 2087 761 2140 ut
782 2079 873 2141 effusa
894 2080 963 2157 tuga
985 2086 1079 2142 castra

121 2183 189 2234 sua,
205 2182 280 2243 quae
294 2167 435 2244 propiora
447 2170 546 2235 erant,
563 2162 689 2243 praelati
702 2162 808 2224 urbem
820 2170 964 2244 peterent.
995 2162 1080 2224 multi
1097 2173 1114 2224 8

121 2251 200 2310 caesi
215 2247 436 2327 uulneratique,
452 2251 625 2328 priusquam
640 2254 779 2331 paventes
794 2249 888 2329 portis
901 2247 1079 2308 inciderent.

45 2408 48 2412 ¹
121 2339 215 2396 castra
231 2339 329 2411 capta,
343 2334 454 2414 praeda
465 2333 502 2394 ad
514 2339 686 2410 quaestores
696 2332 817 2393 redacta
829 2347 897 2392 cum
906 2349 1012 2408 magna
1024 2333 1079 2391 mi·
1166 2395 1176 2416 ‚

120 2421 204 2480 ritum
225 2421 284 2480 ira:
312 2417 365 2480 sed
392 2413 546 2480 severitate
569 2417 687 2495 imperii
708 2416 776 2475 victi
798 2415 922 2476 eandem
941 2417 1080 2478 virtutem

121 2511 150 2564 et
166 2503 289 2564 oderant
310 2509 338 2563 et
354 2500 548 2561 mirabantur.
580 2498 694 2559 obsidio
709 2498 779 2559 inde
794 2497 878 2558 urbis
899 2504 928 2558 et
942 2499 1079 2560 munitio·
1097 2502 1114 2554 9

1 2615 2 2654 3
121 2601 190 2654 nes;
212 2592 241 2646 et
257 2583 408 2644 interdum
429 2600 484 2661 per
508 2584 695 2658 occasionem
716 2582 844 2660 impetus
862 2580 1079 2660 oppidanorum

1 2669 2 2719 ἶ
121 2672 153 2731 in
173 2669 321 2731 Romanas
336 2668 476 2728 stationes
489 2665 664 2745 proeliaque
679 2683 769 2744 parva
789 2665 869 2736 deri,
894 2673 922 2726 et
936 2667 994 2728 teri
1004 2673 1078 2728 tem·

1 2783 2 2826 g
36 2768 40 2775 ·
121 2771 177 2833 pus
191 2758 298 2814 neutm
310 2749 449 2812 inclinata
460 2768 529 2830 spe,
547 2768 616 2812 eum
630 2749 812 2810 frumentum
826 2750 989 2828 copiaeque
1004 2749 1079 2812 aliae

123 2856 159 2899 ex
173 2844 240 2898 ante
256 2843 396 2900 convecto
413 2833 526 2914 largius
539 2832 669 2896 obsessis
687 2851 775 2912 quam
791 2831 995 2894 obsidentibus
1009 2831 1079 2896 sub·

1 2980 2 2985 ,
121 2927 266 3000 peterent.
296 2919 509 2998 videbaturque
528 2936 623 2997 aeque
640 2917 797 2979 diuturnus
809 2917 925 2979 futurus
944 2915 1029 2978 labor
1044 2935 1079 2994 ac
1099 2921 1130 2974 to

121 3004 189 3066 Veis
210 3004 327 3075 fuisset,
345 3005 378 3066 ui
398 3004 517 3064 fortuna
537 3003 709 3082 imperatori
724 3002 858 3062 Romano
873 3000 960 3064 simul
984 3007 1014 3062 et
1027 3019 1078 3062 ce·

123 3089 221 3167 gnitae
236 3087 328 3149 rebus
348 3086 464 3149 bellicis
478 3089 594 3149 virtutis
609 3087 760 3165 specimen
778 3093 807 3147 et
825 3093 971 3147 maturam
987 3086 1078 3144 victo-

1 3181 2 3194 ³
122 3174 197 3233 riam
213 3170 349 3234 dedisset.
464 3230 469 3234 .

89 3259 96 3272 ’
185 3255 297 3318 xxvii,
325 3256 389 3318 bles
409 3262 472 3317 erat
485 3254 606 3317 Faliscis
624 3253 729 3316 eodem
749 3253 889 3330 magistro
915 3251 1078 3314 liberorum
1098 3253 1111 3305 1

124 3350 153 3402 et
173 3341 280 3402 comite
290 3341 352 3410 uti;
368 3337 513 3418 simulque
528 3338 630 3418 plures
644 3339 747 3418 pueri,
763 3336 842 3415 quod
857 3335 946 3397 hodie
960 3352 1079 3414 quoque

122 3426 155 3485 in
178 3424 301 3487 Graecia
321 3430 434 3495 manet,
458 3423 546 3487 unius
563 3441 652 3485 curae
671 3419 931 3482 demandabantur.
966 3420 1078 3498 princi·

124 3525 195 3588 pum
205 3505 330 3580 liberos,
345 3509 422 3571 sicut
434 3507 499 3569 fere
513 3507 562 3576 tlt,
579 3507 630 3584 qui
645 3507 767 3568 scientia
782 3503 935 3566 videbatur
945 3501 1080 3582 praecel·
1109 3513 1111 3516 ·
