2522 3954
199 209 246 258 11.
392 207 440 256 DE
458 207 529 255 TITl
553 206 639 254 mvn
654 205 737 255 VITA
752 205 797 254 ET
811 205 978 256 sentens.

199 365 279 423 etiam
295 365 478 441 conspicuum,
492 364 565 438 quod
581 363 735 439 antiquiora
747 373 870 440 tempora
883 374 948 440 prae
963 365 1162 428 recentioribus

198 448 359 524 plerumque
376 448 501 524 neglecta
522 465 577 505 non
598 448 656 506 sine
676 447 769 506 labore
790 456 819 507 et
841 466 907 506 cura
928 447 1085 523 diligentius
1100 467 1162 524 per·

198 540 336 604 scrutatus
347 543 397 598 est,
412 532 560 590 tamenlmc
572 548 604 589 eo
621 539 723 590 tautum
739 532 866 608 pertinet,
883 532 956 607 quod
972 549 1040 607 quae
1054 533 1162 608 priores

198 615 348 690 scriptores
360 616 535 692 prodiderant
550 615 695 673 memoriae
706 615 828 674 studiose
844 615 976 691 quaesivit
990 624 1019 674 et
1035 633 1096 675 cum
1110 616 1162 674 lide

198 699 324 758 narravit.
351 701 380 756 ln
395 700 435 758 eis
450 698 521 757 enim
537 699 678 774 acquievit,
696 716 765 775 quac
781 700 815 758 ah
830 700 949 775 antiquis
963 708 991 758 et
1006 699 1057 758 hde
1071 699 1161 775 dignis

198 791 243 842 aut
259 783 385 858 pluribus
407 791 453 842 aut
468 782 593 841 omnibus
610 783 707 842 tradita
722 792 812 848 erant,
831 802 863 842 ea
877 801 928 859 pro
944 784 1015 841 veris
1030 783 1073 842 vel
1094 784 1159 842 veri·

196 866 331 924 similibus
347 866 454 930 habuit.
472 883 541 942 quae
556 884 588 924 er
602 867 646 925 his
661 866 729 926 salsa
750 874 777 925 et
793 867 854 927 licta
872 875 972 933 essent,
992 883 1060 943 quae
1077 877 1159 932 certa,

196 959 296 1025 etque
323 967 392 1008 nexu
413 951 485 1008 inter
507 967 536 1008 se
557 951 675 1010 luissent
694 951 786 1011 iuncta
807 952 969 1026 investigare
996 951 1159 1026 supersedit,

196 1031 282 1094 multo
304 1033 393 1092 minus
417 1033 529 1094 disiecta
548 1034 712 1110 antiquioris
726 1035 857 1094 historiae
878 1036 1012 1099 membra,
1030 1042 1160 1110 quantum

133 1143 136 1149 ·
197 1117 242 1179 'llo
264 1123 385 1192 tempore
404 1117 463 1178 fieri
477 1125 587 1193 posset,
609 1119 638 1176 in
658 1136 740 1176 unum
756 1137 856 1194 corpus
869 1118 1001 1194 colligere
1016 1136 1160 1193 veramque

196 1201 294 1260 veteris
308 1200 472 1277 reipublicae
488 1201 633 1278 imaginem
652 1203 707 1260 acri
729 1212 818 1262 mente
834 1204 979 1278 sagacique
994 1220 1059 1261 cura
1077 1211 1159 1277 atque

195 1285 359 1346 divinatione
376 1286 527 1360 exprimere
543 1294 657 1346 conatus
669 1293 720 1344 est.
753 1286 881 1362 Neglectae
894 1287 981 1361 igitur
995 1287 1060 1345 crisi
1072 1287 1159 1344 histo·

194 1370 250 1428 rica
267 1369 292 1426 id
309 1369 417 1444 quidem
431 1385 486 1426 non
498 1377 540 1426 est
557 1379 705 1434 assecutus,
723 1371 795 1444 quod
807 1370 1036 1446 praestantissimi
1045 1369 1159 1428 Graeco·

194 1470 255 1510 rum
276 1453 426 1526 scriptores
447 1451 500 1510 sibi
523 1453 655 1527 agendum
680 1470 739 1510 csse
764 1455 994 1517 existimaverant,
1021 1463 1067 1511 aut
1087 1454 1159 1528 quod

194 1545 290 1594 nostra
306 1543 394 1594 aetate
416 1535 543 1594 historici
557 1552 616 1594 esse
630 1544 750 1611 putatur,
767 1546 798 1596 ut
813 1556 845 1595 er
859 1537 1020 1596 certissimis
1035 1537 1159 1594 tontibus

194 1618 335 1677 subtiliter
351 1618 509 1678 examinatis
523 1636 568 1678 res
585 1621 669 1678 eruat'
681 1629 708 1678 et
725 1620 818 1696 quales
838 1623 939 1680 inerint
957 1628 985 1678 et
1007 1637 1061 1695 quo
1077 1621 1158 1678 modo

194 1703 347 1778 quibusque
367 1720 400 1760 ex
419 1702 508 1762 causis
528 1710 621 1778 gestae
640 1705 694 1762 sint
713 1705 897 1769 demonstret,
924 1705 971 1762 sed
991 1721 1025 1762 nc
1046 1705 1158 1762 metien-

196 1787 243 1850 ,lus
263 1787 371 1861 quidem
395 1795 437 1845 est
462 1803 495 1844 eo
511 1805 566 1861 quo
587 1805 638 1847 nos
654 1805 726 1846 nune
740 1790 842 1860 utimur
863 1789 957 1853 modo,
984 1796 1012 1846 et
1030 1789 1094 1862 quid
1109 1787 1158 1846 illo

195 1876 317 1946 tempore
338 1870 451 1930 Rommri
476 1869 613 1928 voluerint
634 1878 661 1929 et
682 1872 892 1932 desideraverint
909 1880 951 1930 est
971 1872 1157 1947 spectandum.

192 1954 213 2012 li
229 1963 318 2012 autem
330 1954 453 2028 plerique
468 1971 529 2014 eum
546 1972 561 2013 a
575 1953 774 2014 difficilioribus
789 1955 994 2034 quaestionibus
1010 1954 1158 2014 abhorren-

195 2047 235 2096 tes
250 2038 277 2094 id
292 2038 406 2096 maxime
421 2037 603 2112 postularent,
622 2047 653 2096 ut
668 2037 784 2098 historia
798 2040 924 2104 Romana,
940 2056 1009 2114 qarae
1025 2047 1081 2096 tum
1098 2040 1158 2114 qui·
1217 2086 1219 2091 .

36 2120 41 2124 ’
86 2172 87 2176 ,
193 2123 253 2180 dem
271 2138 322 2196 pro
343 2138 405 2180 vera
427 2129 455 2180 et
476 2129 550 2180 certa
569 2121 736 2186 habebatur,
758 2121 899 2198 eleganter
918 2131 946 2179 et
967 2131 1062 2181 ornate
1081 2125 1157 2180 etad

193 2209 297 2264 animos
314 2204 486 2263 delectandos
509 2212 571 2280 apte
596 2214 770 2265 enarraretur
791 2207 915 2281 vitaeque
931 2215 958 2263 et
974 2206 1082 2264 virtutis
1103 2225 1158 2264 ma·

193 2291 279 2364 gistra
294 2298 380 2353 esset,
398 2289 487 2346 Livius
504 2289 610 2347 etiamsi
630 2289 721 2354 iniis,
744 2305 813 2366 quae
831 2291 863 2348 ab
880 2290 939 2348 aliis
955 2290 1064 2364 prodita
1080 2299 1158 2348 erant

194 2373 377 2448 acquiesceret
399 2381 426 2429 et
448 2371 586 2447 vulgarem
609 2373 752 2430 historiam
773 2391 828 2432 non
849 2373 968 2432 severius
983 2374 1157 2438 examinaret,
1250 2417 1251 2424 ,

193 2458 217 2514 si
238 2457 318 2516 modo
340 2455 454 2514 ethicam
470 2456 618 2521 rationem,
634 2458 667 2513 de
682 2474 734 2530 qua
748 2475 830 2533 supra
845 2458 973 2533 exposui,
995 2465 1158 2532 sequeretur
1250 2497 1251 2502 η

193 2549 220 2598 et
237 2557 316 2616 quem
333 2539 407 2598 illius
424 2540 519 2598 aetatis
539 2537 673 2614 elegantia
686 2540 842 2615 requirebat
857 2550 982 2600 ornatum
997 2541 1156 2602 et‘nitorem

193 2624 317 2688 adderet,
333 2632 361 2681 et
375 2623 427 2680 sibi
442 2632 470 2681 et
484 2623 544 2681 aliis
560 2623 726 2682 satisfecisse
740 2625 824 2683 videri
841 2633 959 2701 poterat.
987 2625 1028 2682 ld
1046 2624 1099 2682 hoc
1114 2643 1155 2684 ac·

191 2707 315 2769 cedebat.
336 2707 408 2780 quod
426 2707 549 2780 priorum
565 2707 734 2764 saeculorum
750 2708 865 2766 historia
879 2709 932 2766 iam
946 2708 993 2766 diu
1008 2708 1036 2764 in
1054 2718 1157 2769 certam

191 2792 304 2847 sormam
325 2796 384 2846 orat
406 2782 591 2861 redacta¹¹⁵)‚
615 2808 630 2847 a
653 2809 706 2866 qua
723 2793 863 2856 recedere,
890 2809 959 2866 quae
981 2810 995 2849 a
1017 2791 1158 2867 plerisque

191 2891 242 2948 pro
259 2873 330 2930 veris
347 2873 517 2930 habebantur
532 2872 560 2929 in
577 2873 688 2930 dubium
703 2893 814 2940 vocare,
830 2885 1015 2934 consecratam
1031 2875 1158 2951 antiquo-

191 2975 252 3014 rum
273 2966 425 3031 temporum
440 2956 597 3013 memoriam
616 2958 755 3033 negligere
772 2965 819 3016 aut
841 2961 999 3034 impugnare
1019 2958 1158 3032 periculo-

191 3059 251 3099 sum
267 3057 354 3115 neque
371 3040 466 3103 abeo,
484 3039 531 3114 qui
546 3057 595 3097 sua
612 3058 691 3116 quam
706 3042 831 3117 plurimis
846 3043 963 3117 probare
976 3040 1066 3105 uellet,
1083 3050 1114 3099 ut
1127 3043 1157 3099 in

192 3123 241 3184 hac
258 3143 286 3183 re
302 3133 425 3200 peccaret
439 3123 660 3182 committendum
678 3135 744 3183 erat.
777 3125 833 3184 Etsi
849 3127 935 3202 igitur
950 3127 1002 3184 iarn
1016 3133 1077 3183 ante
1088 3126 1156 3183 livii

249 3337 305 3400 tta)
319 3340 427 3389 V.l'eteri
440 3345 588 3388 commentat.
602 3353 625 3388 n.
638 3336 684 3390 193
696 3340 727 3397 l.;
740 3341 826 3402 Gierig.
835 3348 984 3392 commentat.
993 3341 1018 3391 iu
1031 3355 1075 3404 qua
1089 3355 1154 3389 cona·

148 3441 153 3446 .
191 3413 285 3468 paratur
300 3407 367 3455 locus
380 3406 439 3455 Livii
453 3413 474 3455 et
486 3404 605 3468 Dionysii,
624 3406 688 3472 lips.
704 3404 782 3463 1776;
800 3408 936 3458 Mommsen.
956 3403 1154 3464 u.u.ttt,591;

190 3470 324 3533 Schwegler
335 3472 353 3529 l,
365 3469 398 3520 46
410 3485 476 3537 sqq:
493 3469 611 3522 Broeclrer
622 3487 646 3537 p.
659 3469 706 3530 87:
723 3471 755 3522 ul
768 3488 818 3536 sqq.
