2534 3956
213 178 274 244 340
419 193 513 236 ursus
531 193 574 236 vr.
603 193 671 236 car.
688 183 731 240 ti.
758 172 797 257 [e.
812 195 841 234 u.
858 196 883 236 c.
899 175 962 258 374]

211 358 320 402 annium
334 341 366 402 L.
385 347 415 402 et
427 339 459 402 P.
474 339 615 409 Valeriis,
639 339 730 402 Lucio
748 343 897 418 quintum,
920 340 1025 403 Publio
1037 345 1175 416 tertium,

211 432 240 484 et
255 426 326 487 Gaio
344 425 447 502 Sergio
468 427 587 486 tertium
601 423 692 484 Lucio
708 425 844 487 Menenio
866 427 973 486 iterum
992 425 1098 486 Publio
1115 428 1175 488 Pa·

176 509 287 586 epirio
312 508 414 570 Servio
439 506 575 570 Cornelio
603 506 813 585 Maluginense.
852 507 1026 568 censoribus
1049 526 1175 586 quoque

212 595 291 669 eguit
310 609 403 653 annus
419 593 546 652 maxime
560 598 683 670 propter
694 592 838 651 incertam
850 591 958 651 lamam
972 593 1051 652 aeris
1067 591 1172 662 alieni,

211 674 436 752 adgravantibus
449 691 594 736 summam
606 676 693 736 etiarn
703 673 828 735 invidiae
840 675 903 734 eius
918 672 1044 734 tribunis
1060 674 1171 753 plebis,

210 775 278 818 curn
295 758 332 818 ab
349 760 385 818 iis
401 757 581 826 elevaretur,
596 756 703 834 quibus
714 757 772 818 lide
784 757 877 834 magis
887 774 976 833 quam
987 757 1107 818 fortuna
1118 759 1172 820 de·

175 851 192 902 4
210 840 343 902 beutiurn
357 840 495 903 laborare
509 841 655 903 creditum
670 841 763 901 videri
780 837 961 918 expediebat
991 842 1083 900 creati
1099 859 1173 902 cen·

209 942 292 986 sores
307 926 337 986 C.
362 922 510 1002 Sulpicius
532 924 703 986 Camerinus
721 923 771 1002 Sp.
789 923 956 984 Postumius
979 921 1172 1000 Regillensis,

209 1013 372 1086 coeptaque
392 1010 452 1068 iam
476 1025 525 1069 res
546 1013 641 1067 morte
657 1007 803 1084 Postumi,
827 1008 896 1083 quia
912 1004 1055 1083 collegam
1070 1009 1172 1069 suffici

174 1098 192 1152 b
209 1091 327 1151 censori
342 1089 446 1169 religio
464 1097 541 1160 erat,
553 1088 738 1169 interpellata
754 1096 806 1151 est.
837 1091 925 1167 igitur
937 1107 1003 1148 cum
1017 1089 1170 1168 Sulpicius

208 1172 373 1236 ebdlcasset
386 1193 417 1236 se
430 1175 616 1251 magistratu,
631 1191 772 1234 censores
783 1170 833 1233 alii
844 1173 913 1233 vitio
925 1173 1016 1234 creati
1027 1189 1088 1234 nou
1100 1191 1169 1252 ges·

208 1266 311 1319 serunt
322 1258 533 1336 magistratum.
559 1258 663 1317 tertios
678 1257 774 1318 creari
785 1255 864 1317 velut
875 1256 931 1316 diis
942 1273 1003 1316 uon
1016 1259 1169 1336 accipien-

174 1351 192 1403 o
207 1339 286 1402 tibus
299 1341 332 1400 in
347 1358 414 1402 euru
430 1357 539 1401 aunum
556 1357 712 1402 censuram
727 1339 899 1418 religiosum
913 1339 976 1399 fuit.
1011 1357 1075 1400 eam
1094 1358 1169 1402 vero

207 1424 437 1486 ludificationem
457 1421 554 1503 plebis
574 1422 686 1484 tribuni
704 1423 856 1486 terendam
871 1421 1032 1500 negabant:
1060 1423 1170 1502 fugere

208 1514 342 1570 senatum
356 1514 445 1568 testes
460 1504 575 1567 tabulas
588 1506 723 1585 publicas
735 1525 841 1568 census
852 1507 1009 1582 cuiusque,
1028 1507 1097 1583 quia
1112 1525 1170 1567 no·

207 1589 262 1651 lint
275 1592 408 1670 conspici
419 1607 562 1652 summam
574 1592 652 1652 aeris
666 1590 771 1658 alieni,
788 1607 862 1668 quae
877 1590 1041 1650 indicatura
1056 1591 1095 1650 sit
1114 1590 1166 1651 tle·

206 1691 335 1736 mersam
348 1682 464 1753 partem
481 1692 498 1734 a
513 1681 596 1753 parte
613 1675 750 1741 civitatis,
775 1690 842 1732 cum
860 1673 979 1734 interim
994 1671 1167 1734 obaeratam

172 1767 189 1818 'l
206 1755 325 1837 plebem
347 1757 489 1819 obiectari
510 1756 575 1818 aliis
602 1765 689 1834 etque
713 1757 777 1818 aliis
797 1755 940 1816 hostibus.
975 1757 1084 1833 passim
1105 1759 1167 1816 iem

207 1842 271 1901 sine
287 1839 348 1900 ullo
366 1841 535 1902 discrimine
550 1839 627 1900 bella
646 1841 763 1917 quaeri:
790 1839 827 1900 ab
843 1840 929 1900 Antio
945 1839 1109 1908 Satricum,
1127 1838 1167 1899 ab

208 1924 322 1984 Satrico
339 1923 478 1993 Velitras,
499 1923 568 1984 iude
582 1923 742 1984 Tusculum
760 1922 891 2000 legiones
909 1922 1019 1982 ductas.
1051 1922 1167 1982 Latinis

207 2007 343 2069 Hernicis
364 2006 563 2069 Praenestinis
588 2008 647 2066 iam
670 2007 810 2067 intentari
831 2023 912 2066 arma
937 2007 1044 2065 civium
1071 2006 1167 2082 magis

207 2108 295 2169 quam
310 2090 439 2151 hostium
457 2091 540 2158 odio,
563 2097 597 2150 ut
612 2091 642 2150 in
657 2091 746 2150 armis
766 2097 862 2150 terant
878 2087 1012 2167 plebem,
1034 2105 1090 2148 nec
1114 2106 1166 2149 re-

206 2176 321 2252 spirare
336 2175 367 2234 in
383 2173 458 2234 urbe
473 2181 523 2232 arnt
537 2191 592 2249 per
611 2175 702 2232 otium
716 2171 859 2233 libertatis
875 2173 1043 2232 meminisse
1066 2171 1165 2232 sinant

205 2267 256 2318 eut
271 2258 434 2317 consistere
448 2255 480 2314 iu
496 2255 649 2318 contione.
671 2254 723 2314 ubi
745 2255 903 2332 aliquando
921 2255 1041 2315 audiant
1059 2271 1165 2316 rocem

206 2339 397 2400 tribuniciam
419 2337 457 2398 de
471 2334 594 2398 levando
612 2337 715 2412 lenone
734 2345 763 2398 et
777 2339 836 2399 line
848 2337 973 2398 aliarum
986 2337 1165 2397 iniurianun

169 2429 188 2478 8
204 2429 350 2500 egentem.
378 2420 457 2497 quod
473 2421 498 2480 si
514 2421 552 2480 sil
568 2421 683 2480 animus
698 2418 778 2496 plebi
790 2438 903 2482 memor
915 2428 1032 2498 patrum
1042 2418 1165 2480 liberte·

204 2508 257 2575 tis,
281 2523 313 2566 sc
331 2521 388 2565 uec
407 2504 503 2564 addici
521 2519 700 2580 quemquam
716 2504 809 2562 civem
822 2504 988 2563 Romanurn
1005 2501 1043 2561 ob
1065 2503 1163 2562 credi·

203 2598 264 2650 toni
289 2588 446 2666 pecuniam
470 2603 609 2664 passuros
631 2601 728 2662 neque
749 2583 889 2645 dilectuur
917 2584 1039 2652 haberi,
1066 2585 1166 2645 donec

205 2673 339 2750 inspecto
355 2685 424 2730 aere
441 2668 537 2729 alieno
552 2669 683 2747 initaque
704 2669 819 2729 ratione
837 2668 991 2728 minuendi
1012 2668 1075 2727 eius
1089 2669 1168 2729 sciat

204 2772 282 2814 unus
297 2755 439 2832 quisquc,
457 2752 528 2829 quid
542 2754 603 2821 sul,
621 2751 692 2829 quid
702 2751 791 2812 alieni
806 2753 857 2821 sit,
873 2752 1001 2829 supersit
1016 2749 1074 2810 sibi
1087 2749 1166 2811 libe·

170 2851 272 2903 orum
287 2853 414 2914 corpus,
432 2853 469 2896 an
486 2835 516 2896 id
534 2851 651 2912 quoque
668 2852 759 2897 nervo
774 2833 925 2896 debeatur.
954 2852 1069 2904 merces
1083 2835 1167 2894 sedi·

204 2921 293 2980 tionis
319 2920 471 2996 preposita
493 2920 648 2979 confestim
670 2919 845 2979 seditionem
866 2919 1009 2979 excitavit
1042 2934 1112 2976 nam
1134 2927 1166 2978 et

206 3001 418 3064 addicebantur
433 3000 532 3072 multi,
556 3010 586 3063 et
599 3002 636 3062 od
651 3001 836 3063 Praenestini
850 3002 957 3063 lamam
978 2999 1050 3062 belli
1072 3017 1165 3061 novas

206 3088 339 3164 legiones
360 3085 531 3146 scribendas
550 3093 649 3164 patres
672 3093 857 3146 censuerant.
890 3102 964 3162 quae
980 3092 1106 3161 utraque
1124 3085 1166 3144 si·

205 3169 267 3230 mul
284 3168 392 3230 auxilio
407 3167 567 3228 tribunicio
582 3176 612 3229 et
625 3184 771 3228 consensu
787 3167 883 3246 plebis
900 3168 1027 3246 inpediri
1042 3175 1164 3244 coepta:

158 3263 189 3317 lo
206 3271 274 3314 narn
295 3270 393 3330 neque
410 3252 478 3312 duci
497 3252 627 3312 addictos
644 3249 757 3310 tribuni
773 3251 925 3320 sinebant,
948 3266 1044 3327 neque
1063 3251 1164 3309 iunio·

205 3355 256 3396 res
276 3337 395 3396 nomina
421 3334 537 3396 dabant
571 3351 639 3394 curn
657 3332 790 3412 patribus
812 3336 910 3394 minor
928 3351 1069 3411 praesens
1091 3349 1165 3392 cura

206 3420 338 3480 creditae
353 3420 496 3493 pecuniae
510 3419 586 3478 luris
598 3417 779 3502 ¹exsequendi
794 3434 882 3494 quam
896 3417 1019 3558 dil‘ectus
1031 3422 1107 3478 esset
1124 3447 1163 3462 α-
