2534 3956
220 223 282 284 320
395 235 491 275 muna
508 234 551 276 vr.
577 231 648 274 cnr.
665 222 693 276 8·
708 222 734 276 9.
762 211 805 290 [a.
824 232 854 271 u.
874 231 899 272 c.
920 213 984 292 368]

220 381 334 444 millum
349 383 406 442 iam
424 379 460 441 ad
469 396 593 440 munera
611 379 743 456 corporis
759 384 877 438 senecta
891 375 1049 438 invalidum
1064 377 1182 440 raden-

220 473 280 528 tein
295 466 326 525 in
340 465 454 533 hostes,
476 463 657 543 procurrunt
669 461 781 539 pariter
796 473 899 522 onmes
910 458 1041 522 clamore
1056 459 1181 522 sublato

147 593 150 601 -
184 567 203 619 a
221 565 367 629 „sequere
383 547 612 626 imperatorem‘
626 562 682 623 pro
696 562 728 604 se
745 543 870 623 quisque
885 541 1053 604 clamantes.
1084 545 1181 606 emis-

219 649 286 695 surn
304 634 390 692 etiam
407 631 522 708 signum
539 627 652 690 Camilli
666 629 749 688 iussu
764 628 795 686 in
809 626 938 687 hostium
954 627 1179 697 ademerunt,

184 727 202 776 4
220 717 309 794 idque
320 702 353 775 ut
367 717 554 792 repeteretur
566 713 725 772 concitatos
737 711 953 788 antesignanos.
985 709 1028 770 liri
1042 711 1179 788 primurn

219 799 338 878 pulsum
360 797 520 865 Antiatem,
545 802 750 872 terroremque
771 806 831 854 non
859 793 890 852 in
912 793 1039 872 prirndrn
1058 800 1180 856 tantum

183 893 201 944 o
219 884 312 943 aciem
327 879 379 943 sed
395 881 482 941 etiarn
499 879 535 938 ad
546 876 737 938 subsidiarios
748 876 903 956 perlatu'in.
933 893 988 938 nec
1002 877 1046 936 vis'
1060 881 1179 937 tanturn

219 963 344 1026 rnilitum
362 961 498 1023 movebat
512 963 634 1022 excitata
648 961 815 1038 praesentiri
830 959 927 1030 ducis,
947 960 998 1022 sed
1015 957 1095 1038 quo'd
1109 959 1179 1020 Vol·

219 1065 338 1109 soorum
359 1045 463 1108 animis
482 1043 554 1104 nihil
572 1042 735 1106 terribilius
758 1047 822 1105 erat
843 1044 932 1122 quali]
949 1040 1041 1122 ipsius
1058 1042 1181 1105 Cdrnilli

183 1133 295 1192 clorte
310 1129 406 1191 oblata
423 1130 552 1208 species:
574 1129 629 1197 ita,
646 1132 832 1206 quocumque
849 1134 881 1190 se
897 1121 1061 1197 intulisset,
1083 1127 1180 1187 victo·

219 1217 293 1276 riam
318 1229 419 1276 secum
439 1213 518 1273 haud
540 1211 658 1272 dublein
677 1208 821 1272 ualebat.
854 1213 981 1272 inanime
999 1210 1029 1271 id
1053 1210 1180 1272 evidens
1249 1259 1250 1268 ,

218 1299 287 1367 suit,
310 1315 377 1357 cum
391 1299 422 1356 in
437 1295 552 1357 laevum
567 1309 660 1355 cornu
674 1299 768 1374 prope
783 1295 841 1355 ia'm
856 1293 974 1373 puls'uui
987 1295 1109 1373 arrepto
1127 1311 1181 1354 re·

218 1387 308 1460 pente
330 1398 406 1460 equo
428 1398 495 1440 curn
520 1385 603 1440 scuto
625 1379 755 1457 pedestri
775 1377 912 1439 advectus
933 1384 1095 1457 conspectu
1121 1395 1180 1438 suo

218 1463 365 1543 proelium
392 1463 521 1525 restituit
547 1463 696 1522 ostentans
721 1461 886 1523 vincentem
910 1466 1039 1524 ceteram
1068 1463 1179 1523 aciem.
1249 1499 1250 1506 κ

184 1559 201 1608 7
219 1549 277 1607 iam
291 1544 432 1607 inclinata
446 1563 495 1606 res
510 1549 585 1614 erat,
609 1543 661 1605 s‘e'd
682 1543 770 1604 turba
783 1544 912 1606 lrostiurn
931 1551 960 1606 et
974 1545 1074 1622 lugarn
1087 1547 1180 1625 inpe-

219 1627 318 1692 diebat
338 1636 368 1690 et
390 1629 478 1707 longa
502 1629 591 1690 caede
610 1628 794 1689 conficiendo
813 1627 967 1690 mullitudo
990 1634 1070 1689 tanta
1094 1628 1178 1690 lesso

217 1712 303 1774 militi
322 1719 400 1784 erat,
423 1731 490 1774 curn
505 1718 628 1792 repente
645 1710 814 1789 ingentibus
829 1710 969 1790 procellis
981 1711 1064 1772 lusus
1075 1711 1179 1773 imper

183 1803 329 1858 coortam
350 1798 443 1874 magis
463 1797 615 1856 victoriam
637 1811 724 1873 quarn
750 1793 897 1874 proelium
924 1795 1050 1856 diremit
1087 1795 1176 1872 siguo
1249 1823 1250 1840 κ

214 1879 470 1959 deindereceptul
483 1879 549 1940 dato
562 1895 621 1938 nox
635 1879 766 1939 insecuta
778 1877 1033 1958 quietis’lionranis
1046 1877 1177 1956 perfecit

216 1961 337 2026 bellum.
373 1962 471 2023 Latini
485 1959 612 2040 namque
626 1967 654 2022 et
669 1961 791 2022 Hernici
809 1960 920 2023 relictis
937 1960 1049 2022 Volscis
1068 1960 1176 2022 domos

178 2061 198 2110 c
216 2047 342 2127 proiecti
359 2052 428 2108 sunt
444 2045 529 2106 malis
545 2043 674 2106 consiliis
693 2063 782 2123 pares
803 2045 901 2124 adepti
919 2050 1054 2107 eventus:
1075 2044 1177 2106 Volsci

216 2129 269 2191 ubl
288 2129 470 2191 sedesertos
488 2127 584 2190 abeis
604 2129 720 2198 videre,
743 2141 869 2207 quorum
883 2129 989 2190 fiducia
1010 2127 1177 2190 rebellave-

216 2221 298 2282 rant,
316 2211 428 2274 relictis
444 2212 547 2272 eastris
562 2209 718 2272 moenibus
734 2211 840 2272 Satrici
856 2222 889 2274 se'
905 2210 1067 2286 includunt.
1098 2230 1175 2290 quos

215 2297 313 2375 primo
330 2293 467 2356 Camillus
490 2292 565 2354 vallo
587 2293 772 2356 circumdare
787 2303 817 2357 et
841 2293 1052 2376 appareatque
1072 2295 1175 2373 operi-

169 2386 199 2438 ιο
216 2379 272 2439 bus
294 2392 467 2457 oppugnare
491 2382 536 2438 est
559 2377 687 2438 adortus.
726 2394 801 2454 quae
820 2384 976 2459 postquam
998 2377 1079 2442 nulla
1103 2397 1176 2442 eru·
1248 2397 1249 2400 ¹

215 2463 317 2542 ptione
340 2462 469 2541 inpediri
493 2461 586 2532 videt,
614 2461 711 2521 minus
732 2476 796 2523 esse
822 2463 912 2524 animi
931 2473 1013 2526 ratus
1034 2465 1067 2525 lu
1087 2463 1176 2527 hoste

149 2594 152 2600 .
217 2563 305 2624 quam
322 2547 396 2604 utin
411 2563 445 2606 oo
461 2551 521 2606 tarn
542 2543 640 2605 lentae
660 2546 723 2622 spei
743 2547 894 2606 victoriam
917 2554 1099 2626 expectaret,
1124 2566 1175 2608 co·
1248 2605 1249 2610 ,

192 2689 195 2694 ,
215 2628 352 2689 hortatus
366 2628 489 2698 milites,
505 2644 544 2689 ne
558 2634 706 2704 tamquam
718 2627 804 2689 Veios
816 2637 1020 2708 oppugnantes
1032 2632 1063 2691 in
1080 2649 1175 2710 opere
1248 2621 1249 2636 ¹

216 2710 378 2788 longinquo
401 2727 467 2773 sese
483 2718 626 2780 tererent,
647 2709 797 2772 victoriam
819 2713 849 2772 in
867 2713 1003 2774 manibus
1023 2733 1103 2784 esse,
1127 2715 1174 2774 ln·

217 2795 297 2872 genti
317 2793 440 2855 rnilitum
464 2793 611 2856 alacritate
629 2795 745 2856 incenia
768 2795 898 2874 undique
913 2798 1069 2876 adgressus
1084 2795 1174 2858 scalis

217 2877 359 2956 oppidum
373 2879 459 2956 cepit.
496 2878 593 2938 Volsci
605 2878 726 2940 abiectis
741 2882 832 2942 arinis
847 2899 912 2943 sese
928 2881 1113 2942 dediderunt.

185 2968 195 3016 ι
280 2959 329 3020 ΙΧ.
362 2961 498 3027 ¹Ceterum
515 2963 627 3022 animus
642 2961 724 3023 ducis
735 2964 780 3024 rei
795 2965 913 3036 maiori,
930 2965 1029 3034 Antio,
1045 2965 1175 3026 inmine-

216 3042 283 3106 bat:
308 3043 338 3105 id
359 3052 447 3123 caput
470 3044 656 3115 Volscorurn,
683 3064 747 3106 eam
768 3045 857 3109 luisse
878 3048 1022 3126 originem
1043 3049 1175 3127 proximi

181 3137 199 3184 2
216 3127 297 3190 belli.
325 3129 376 3190 sed
393 3129 460 3207 quia
474 3127 532 3190 uisi
547 3147 653 3206 magno
667 3136 823 3208 apparatu,
839 3133 993 3193 tormentis
1013 3130 1175 3193 machinis·

218 3226 293 3288 que,
310 3221 370 3272 tarn
384 3211 477 3273 valida
489 3212 561 3274 urbs
576 3213 642 3291 capi
654 3229 715 3273 uon
733 3222 863 3292 poterat,
884 3215 988 3278 relicto
1006 3215 1042 3275 ad
1058 3217 1176 3277 exerei-

217 3304 279 3353 tum
303 3293 415 3371 collega
436 3296 559 3357 Romam
582 3302 627 3358 est
645 3296 813 3375 proiectus,
832 3305 864 3359 ut
884 3305 1018 3360 senatum
1039 3299 1077 3361 ad
1092 3301 1176 3360 exci-

182 3379 200 3429 3
220 3375 347 3435 ciendum
357 3376 473 3438 Antium
485 3378 664 3442 hortaretur.
684 3379 763 3443 inter
773 3399 940 3443 sermonem
953 3383 1016 3444 eius
1029 3417 1064 3429 -
1079 3383 1177 3446 credo
1247 3437 1248 3448 a

218 3473 284 3518 rem
304 3457 448 3520 Antiatem
464 3461 678 3525 diuturniorem
703 3481 823 3527 manere
845 3465 901 3527 diis
923 3465 1006 3527 cordl
1021 3465 1115 3529 luisse
1135 3499 1173 3516 -·
