2580 3954
266 191 362 233 utere
378 191 422 233 ru.
453 189 523 232 car.
541 182 585 236 53.
600 182 644 235 54.
671 173 711 252 [a.
728 171 762 232 O.
778 173 906 250 tre-409]
1002 175 1065 238 247

110 342 219 402 inritus
235 345 419 400 sacramento
438 338 563 408 diceret,
581 345 703 416 repente
719 339 869 398 nuntiatur
884 357 982 399 arcem
996 337 1066 399 Car·
1083 354 1101 407 a

110 430 266 487 venunen
280 421 317 484 eb
328 421 461 482 hostibus
476 430 647 499 occupatam
659 440 732 483 esse.
759 440 794 482 ea
805 423 966 498 ignominia
981 438 1065 482 acce·
1082 437 1102 486 4

107 515 161 587 pin
180 525 248 568 cum
265 505 342 584 apud
365 512 464 584 penes
484 504 610 566 invidiae
625 506 762 567 Menenio
782 505 853 574 tuit,
876 511 939 566 tum
958 504 1065 564 ceteris

107 591 252 660 tribunis,
273 591 332 649 iam
348 596 415 650 ante
430 590 613 668 praeparatis
626 588 873 650 intercessoribus
887 588 961 666 legis
981 604 1065 664 agra-
1119 659 1123 664 ¹

108 676 189 744 riae,
210 671 348 752 praebuit
362 674 515 735 iustiorem
534 691 651 735 causam
666 673 822 734 resistendi
842 671 982 749 collegae.
1010 672 1065 730 ita·
1083 677 1106 729 t-

109 774 170 835 que
189 775 257 818 cunr
273 764 322 818 res
342 757 392 818 diu
406 757 492 817 ducta
509 773 564 836 per
583 756 801 817 altercationem
823 763 914 826 esset,
938 753 1066 816 consuli·

108 839 167 903 bus
188 840 259 902 deos
280 839 475 919 hominesque
492 838 681 909 testantibus,
707 839 849 918 quidqmd
875 837 912 901 ab
930 835 1066 899 hostibus

108 925 202 986 cledis
209 925 446 1002 ignominiaeque
457 930 508 984 aut
517 925 577 983 iam
588 931 740 1002 acceptum
752 930 830 984 esset
839 929 889 983 sut
898 923 1065 992 inmineret,

108 1008 228 1087 culpam
249 1023 341 1086 penes
362 1007 530 1067 Menenium
550 1007 634 1075 iore,
663 1007 715 1083 qui
734 1005 873 1067 dilectum
891 1005 1064 1084 impediret:

107 1092 247 1153 Menenio
265 1097 368 1150 contra
382 1090 577 1157 vociferante,
600 1090 625 1148 si
640 1089 741 1149 iniusti
756 1089 868 1148 domini
877 1089 1065 1168 possessione
1082 1095 1101 1148 d

110 1175 175 1251 egri
189 1170 301 1251 publici
319 1171 475 1240 cederent,
494 1191 526 1232 se
541 1189 655 1230 moram
670 1170 788 1232 dilectui
802 1188 863 1232 non
878 1172 993 1232 tacere:
1014 1170 1065 1230 de·

108 1263 192 1318 creto
221 1256 398 1333 interposito
428 1270 533 1315 novem
560 1253 671 1314 tribuni
699 1253 881 1317 sustulerunt
906 1261 1064 1323 certamen,

109 1340 434 1418 pronuntiaveruntque
458 1356 495 1398 ex
515 1336 633 1414 collegii
653 1339 796 1399 sententia
811 1339 841 1399 C.
858 1336 974 1398 Valerio
994 1353 1064 1396 con·
1083 1343 1100 1393 7

109 1421 168 1484 suli
184 1441 216 1483 se
238 1421 378 1482 damnum
401 1419 546 1499 aliamque
568 1421 777 1482 coercitionem
804 1421 945 1482 adversus
971 1421 1064 1481 inter-

109 1507 276 1568 cessionem
296 1503 426 1582 coilegee
443 1503 567 1566 dilectus
582 1522 669 1566 cause
681 1504 912 1565 deuastantibus
929 1502 1065 1563 militiam

107 1588 254 1650 inhibenti
273 1586 382 1649 auxilio
403 1589 519 1650 futuros
535 1607 608 1650 csse.
639 1583 698 1648 hoc
712 1589 833 1649 decreto
848 1585 952 1650 consul
969 1604 1065 1648 erma·
1082 1600 1101 1652 8

107 1679 239 1734 tuscum
258 1673 360 1751 paucis
381 1670 598 1751 appellantibus
616 1671 767 1732 tribunum
791 1670 900 1732 collum
920 1671 1064 1740 torsisset,

108 1762 190 1817 metu
206 1757 298 1817 ceteri
313 1762 497 1816 sacramento
513 1755 623 1816 dixere.
657 1754 762 1815 ductus
775 1755 924 1833 'exercitus
942 1753 980 1814 ed
995 1753 1065 1814 uar-
1082 1769 1100 1820 o

108 1847 265 1900 ventanam
280 1855 395 1907 arcem,
417 1855 593 1916 quamquam
611 1839 721 1898 invisus
743 1839 928 1914 infestusque
950 1834 1065 1898 consuli

110 1929 189 1990 erat,
212 1922 329 1998 inpigre
344 1921 441 1998 primo
456 1922 552 1981 statim
568 1920 694 1981 adventu
706 1920 828 1982 deiectis
843 1922 894 1998 qui
906 1923 937 1980 in
951 1921 1064 1998 praesi-

109 2006 159 2066 dio
175 2010 274 2074 erant,
297 2021 397 2064 arcem
417 2004 537 2083 recipit,
564 2003 756 2082 praedatores
781 2023 818 2066 ex
840 2003 988 2082 praesidio
1010 2020 1065 2082 per

110 2087 325 2165 neglegentiam
340 2085 446 2166 dilapsi
457 2087 644 2148 occasionem
655 2105 800 2166 aperuere
812 2088 848 2152 ed
857 2087 1063 2148 invadendum.

109 2170 236 2251 praedae
250 2189 286 2232 ex
302 2170 431 2231 adsiduis
445 2169 698 2249 populationibus,
717 2171 796 2248 quod
812 2173 910 2232 omnia
920 2171 953 2232 ln
966 2169 1064 2230 lecum
1085 2185 1117 2238 td

109 2263 204 2315 tutum
219 2259 358 2331 congesta
372 2260 469 2324 erant,
488 2255 544 2323 luit
560 2253 749 2333 aliquantum.
776 2255 926 2316 venditum
941 2253 995 2316 sub
1011 2253 1064 2313 hn-

109 2345 152 2399 sta
176 2336 278 2400 consul
301 2339 332 2397 in
352 2339 500 2400 aerarium
526 2339 664 2415 redigere
686 2345 856 2416 quaestores
877 2339 976 2408 iussit,
1001 2343 1064 2396 tum

109 2422 283 2500 praedicans
297 2423 471 2498 participem
488 2421 695 2499 praedantem
712 2423 890 2490 exercitum,
907 2438 975 2484 cum
988 2419 1065 2479 mili·

108 2505 179 2564 tiam
192 2520 252 2563 non
264 2501 421 2564 abnuisset.
457 2510 559 2565 auctae
570 2502 639 2564 inde
651 2502 747 2583 piebis
762 2522 796 2564 ac
810 2504 936 2564 miiitum
950 2505 982 2562 in
993 2519 1064 2562 con·

110 2585 203 2648 sulem
221 2588 294 2647 irae.
324 2587 422 2664 itaque
439 2603 506 2646 cum
522 2606 558 2648 ex
572 2594 690 2648 senatus
706 2587 839 2648 consulto
852 2586 958 2647 urbem
974 2603 1064 2646 ovans
1083 2598 1113 2649 11

109 2672 260 2740 introiret,
277 2669 398 2731 alternis
416 2671 558 2731 inconditi
572 2688 674 2732 versus
687 2669 808 2731 militari
822 2670 940 2732 licentia
955 2671 1063 2739 iactati,

110 2752 215 2832 quibus
232 2753 336 2815 consul
349 2754 525 2832 increpitus,
540 2754 658 2815 Meneni
673 2753 790 2816 celebre
801 2771 912 2816 nomen
928 2751 1064 2814 laudibus
1084 2765 1116 2817 12

108 2837 177 2924 fuit,
194 2855 260 2896 cum
278 2838 315 2899 ad
330 2855 448 2900 omnem
462 2838 642 2900 mentionem
655 2837 767 2898 tribuni
778 2838 859 2899 lavor
871 2839 1064 2899 circumstan-

109 2921 146 2980 tis
160 2919 263 2998 popuii
275 2921 440 3000 plausuque
455 2929 484 2984 et
498 2922 625 2984 adsensu
639 2940 706 2984 cnm
720 2922 841 2984 vocibus
858 2913 984 2983 militum
999 2938 1064 2982 cer-

109 3010 194 3064 taret.
224 3000 348 3082 piusque
371 3023 404 3066 ee
424 3023 474 3067 res
489 3023 577 3086 quem
592 3022 688 3085 prope
703 3005 854 3068 sollemnis
874 3005 999 3065 militum
1020 3002 1064 3064 la·
1083 3013 1117 3067 13

17 3087 18 3094 ’
109 3087 196 3148 sciria
218 3088 250 3146 in
272 3087 421 3148 consulem
445 3104 534 3152 curte
558 3089 694 3168 patribus
713 3091 829 3157 iniecit;
860 3095 890 3150 et
915 3093 1064 3166 tamquam

108 3169 186 3232 baud
201 3169 308 3232 dubius
323 3173 401 3231 inter
415 3169 549 3234 tribunos
565 3171 690 3235 milium
709 3171 805 3232 honos
821 3172 954 3239 Meneni,
972 3171 997 3231 si
1011 3189 1063 3248 pe·

110 3260 184 3314 teret
215 3253 420 3316 consularibus
433 3255 559 3316 comitiis
573 3259 618 3318 esi
632 3254 777 3318 exclusus.

172 3335 241 3398 LIV.
281 3337 378 3400 Creati
398 3337 536 3400 consocies
561 3331 629 3400 'sunt
649 3341 701 3402 dn.
724 3339 878 3402 Cornelius
904 3341 1010 3401 Cossus
1030 3337 1098 3399 L.1

111 3417 216 3480 Furius
231 3420 409 3484 Medullinus
429 3421 547 3484 iterum.
580 3440 640 3484 non
663 3421 735 3485 elias
755 3425 873 3502 aegrius
895 3421 980 3502 plebs
1000 3419 1101 3485 tulita
