2572 3956
148 228 150 236 ’
207 225 247 286 58
368 239 463 280 nmen
478 239 499 283 1.
528 237 599 281 ose.
616 229 659 285 56.
674 228 717 286 st.
746 218 786 300 [a.
802 242 830 281 u.
847 241 873 280 e.
888 217 950 301 stt]

207 387 322 465 quinia,
344 404 448 448 sorore
470 389 563 466 regis,
585 393 685 458 natus,
710 387 823 450 iuvenis
837 385 925 466 longe
940 387 1015 449 alius
1029 389 1161 468 ingenio,

207 488 295 548 quam
311 471 392 532 cuius
406 469 620 532 simulationem
635 472 778 532 induerat
802 471 827 532 is
843 489 910 531 cum
926 472 1072 550 primores
1089 472 1159 533 civi·

207 556 273 616 tatis
298 553 329 614 in
355 553 462 631 quibus
487 555 609 615 fratrem
634 572 720 615 suum
745 553 781 613 ab
807 553 950 614 avunculo
969 555 1159 620 interiectum

206 639 348 707 audisset,
370 654 467 714 neque
493 639 524 697 in
544 639 641 698 animo
665 655 719 698 suo
740 638 897 714 quicquam
914 639 979 716 regi
996 639 1159 700 timendum

205 737 302 797 neque
317 722 348 781 in
364 721 481 782 fortuna
498 721 767 798 concupiscendum
779 719 950 798 relinquere
962 723 1070 792 statuit,
1088 739 1159 783 con-

205 811 375 882 temptuque
394 811 472 866 tutus
493 823 573 874 esse,
597 802 649 863 ubi
665 805 697 864 in
714 805 780 865 iure
796 821 901 882 parum
915 804 1057 882 praesidii
1073 813 1158 867 esset

170 899 189 950 Β
207 905 278 966 ergo
294 906 330 948 ex
345 887 489 948 industria
512 888 606 948 lactus
625 886 661 947 ad
678 888 870 949 Imitationem
886 886 1024 950 stultitiae
1041 906 1109 948 cum
1126 907 1158 950 se

205 988 317 1047 suaque
332 971 459 1049 praedae
476 990 540 1034 esse
559 971 624 1048 regi
639 971 763 1041 sineret,
782 970 866 1031 Bruti
880 987 998 1048 quoque
1013 971 1092 1032 haud
1106 971 1157 1032 ab·

204 1056 268 1116 nuit
285 1071 466 1132 cognomen,
484 1062 516 1116 ut
532 1053 586 1116 sub
603 1055 665 1115 eius
681 1053 803 1114 obtentu
817 1055 1002 1132 cognominis
1016 1053 1158 1116 liberator

203 1137 254 1200 ille
280 1137 383 1217 populi
407 1137 532 1198 Romani
560 1139 674 1198 artimus
697 1136 791 1198 latens
818 1139 1004 1216 opperiretur
1023 1146 1156 1217 tempora

170 1231 187 1284 9
204 1240 265 1284 sua.
297 1223 398 1284 istum
415 1221 451 1282 ab
468 1222 638 1299 Tarquiniis
658 1221 762 1288 ductus
773 1219 911 1299 Delphos,
937 1220 1098 1282 ludibrium
1107 1241 1156 1284 re·

203 1307 266 1367 rius
284 1323 373 1384 quam
390 1323 506 1376 comes,
523 1323 645 1366 aureum
661 1303 800 1366 bacedum
816 1303 962 1366 inclusum
982 1323 1092 1367 corneo
1109 1323 1157 1366 ca·

204 1395 268 1450 vato
290 1389 327 1449 ad
349 1389 381 1449 id
402 1388 508 1450 baculo
536 1388 637 1450 tcdisso
666 1389 777 1449 donum
801 1387 930 1466 Apollini
953 1388 1075 1460 dicitur,
1104 1406 1157 1468 per

155 1481 189 1532 to
204 1470 341 1549 ambages
363 1472 489 1550 effigiem
508 1472 619 1549 ingenii
637 1473 691 1532 sui.
725 1487 783 1548 quo
797 1479 953 1550 postquam
968 1480 1086 1534 ventum
1104 1479 1156 1544 est,

202 1555 342 1635 perfectis
365 1557 456 1632 patris
472 1555 615 1616 mandatis
634 1554 740 1633 cupido
755 1555 875 1616 incessit
890 1557 1003 1618 animos
1019 1556 1157 1616 iuvenum

203 1638 380 1708 sciscitandi,
396 1639 433 1699 ad
452 1656 540 1716 quem
557 1655 660 1698 eorum
679 1654 804 1716 regnum
816 1638 980 1699 Romanum
995 1646 1072 1702 esset
1086 1656 1155 1700 ren·

203 1728 311 1782 turum.
342 1740 379 1782 er
400 1722 500 1782 mlimo
526 1739 617 1801 specu
632 1738 735 1782 vocem
749 1722 893 1783 redditam
910 1723 1022 1783 ierunt:
1041 1724 1155 1801 „impe-

202 1805 280 1864 rium
296 1821 442 1866 summum
456 1804 566 1866 Romae
580 1803 702 1866 habebit
717 1807 768 1882 qui
783 1811 911 1866 vestrum
925 1807 1054 1884 primus,
1077 1824 1095 1866 o
1110 1808 1155 1866 iu·

154 1892 183 1944 tt
202 1901 306 1960 venes,
334 1887 467 1950 osculum
487 1891 573 1950 matri
594 1887 723 1950 tulerit“
759 1888 937 1966 Tarquinius
963 1889 1081 1959 Sextus,
1105 1890 1153 1966 qd

201 1971 312 2034 Romae
326 1971 446 2033 relictus
461 1972 572 2042 iuerat,
590 1979 623 2032 ut
636 1974 757 2050 ignarus
770 1974 907 2050 responsi
921 1989 1085 2051 expersque
1100 1973 1150 2032 im·
1168 2038 1170 2042 ,
1280 1983 1281 2044 3

201 2057 278 2132 perii
295 2061 387 2125 esset,
404 2073 469 2116 rem
493 2073 606 2118 summa
628 2073 684 2134 ope
701 2057 794 2117 taceri
810 2055 927 2124 lubent;
949 2057 1006 2134 ipsi
1021 2057 1099 2132 inter
1113 2075 1153 2126 se,

201 2143 267 2198 uter
282 2139 379 2216 prior,
402 2156 468 2199 oum
484 2139 605 2200 Romam
624 2139 785 2210 redissent,
809 2140 895 2199 matri
914 2139 1047 2200 osculum
1061 2139 1153 2210 daret,

152 2228 184 2280 12
200 2223 273 2282 sorti
287 2223 467 2299 permittunt.
498 2222 607 2283 Brutus
623 2221 680 2283 alio
696 2229 776 2283 ratus
792 2229 925 2300 spectare
939 2221 1089 2302 Pythicam
1104 2240 1153 2283 vo·

201 2321 281 2373 cem,
307 2301 386 2363 velut
404 2305 429 2363 si
441 2305 597 2382 prolapsus
618 2305 788 2376 cecidisset,
807 2311 919 2367 terram
940 2304 1042 2367 osculo
1059 2308 1152 2368 conti·

200 2387 250 2465 git,
269 2385 382 2448 scilicet
397 2387 476 2464 quod
500 2407 532 2450 ea
551 2391 714 2450 communis
731 2396 825 2450 mater
840 2391 970 2449 omnium
985 2389 1153 2450 mortalium

153 2476 183 2528 ta
201 2477 285 2532 esset.
308 2470 435 2531 reditum
449 2471 519 2533 inde
534 2471 666 2542 Romam,
683 2471 735 2532 ubi
750 2471 889 2534 adversus
902 2472 1024 2534 Rutcdos
1041 2471 1151 2536 bellum

200 2572 312 2614 summa
331 2555 356 2614 vi
374 2553 543 2633 parabatur.

80 2669 82 2671 -
168 2644 181 2694 1
263 2637 345 2697 LVll.
368 2638 494 2699 Ardeam
512 2639 611 2700 lluttdi
624 2639 782 2711 habebant,
799 2657 880 2718 gens,
896 2643 968 2702 utin
981 2659 1015 2703 ea
1029 2643 1152 2720 regione

198 2727 286 2796 atque
302 2721 332 2778 in
348 2739 381 2782 ea
396 2728 505 2792 aetate,
527 2722 633 2784 divitiis
648 2723 845 2802 praepollens.
877 2741 968 2802 eaque
983 2727 1045 2802 ipsa
1060 2742 1148 2785 causa

139 2839 145 2852 ‚
199 2800 271 2862 belli
291 2802 359 2873 luit,
382 2804 462 2880 quod
484 2823 537 2865 rex
551 2805 701 2868 Romanus
726 2825 792 2868 cum
810 2810 873 2886 ipse
892 2809 977 2869 ditari
994 2807 1151 2868 exhaustus

199 2885 412 2962 magnificentia
436 2886 623 2965 publicorum
650 2908 789 2969 operum,
811 2899 872 2951 tum
893 2891 1001 2969 praeda
1017 2889 1150 2953 delenire

85 2996 88 3001 ·
163 2967 385 3047 2popularium
409 2972 524 3032 animos
547 2973 696 3044 studebat,
723 2981 841 3053 praeter
869 2974 956 3035 aliam
981 2973 1151 3054 superbiam

197 3069 290 3130 regno
313 3054 434 3116 infestos
456 3057 543 3118 etiam
566 3058 643 3136 quod
666 3077 697 3119 se
718 3060 750 3118 in
770 3058 921 3118 labrorum
938 3060 1101 3120 ministerio
1116 3076 1150 3119 ac

198 3135 297 3197 servili
313 3145 371 3198 tam
387 3138 437 3199 diu
452 3140 568 3202 habitos
585 3160 676 3221 opere
692 3141 727 3202 ab
742 3159 814 3220 rege
823 3140 1060 3220 indignabantur.
1076 3149 1150 3203 tem·

165 3219 181 3270 3
199 3227 277 3297 plata
293 3237 341 3282 res
356 3229 415 3292 est,
439 3225 464 3284 si
484 3225 580 3301 primo
595 3228 706 3303 impetu
721 3227 786 3303 capi
801 3225 897 3286 Ardea
911 3233 1019 3302 posset
1052 3224 1103 3285 ubi
1120 3225 1150 3285 id
1236 3245 1243 3258 ·

198 3319 302 3380 parum
317 3308 469 3382 processit,
489 3305 641 3369 obsidione
657 3307 928 3386 munitionibusque
946 3309 1044 3386 coepti
1055 3309 1151 3386 premi

164 3389 181 3438 4
197 3382 306 3446 hostes.
325 3389 356 3447 in
370 3387 416 3448 bis
430 3390 554 3459 stativis,
570 3398 602 3450 ut
616 3392 648 3450 fit
662 3389 749 3468 longo
766 3393 858 3469 magis
875 3409 962 3468 quam
980 3391 1042 3450 acri
1059 3389 1147 3459 bello,

96 3514 105 3533 ,
198 3468 268 3528 satis
289 3467 375 3532 liberi
405 3480 585 3533 commeatus
608 3482 706 3545 erant,
731 3474 913 3552 primoribus
938 3480 1036 3534 tamen
1056 3474 1148 3552 magii
