2580 3954
183 187 243 250 166
330 201 425 242 urnuu
439 200 488 241 111.
515 199 584 242 cer.
601 191 645 244 42.
665 190 705 244 43.
723 189 765 244 44.
788 181 872 258 [eu.
889 178 991 260 1301]

182 347 295 426 vigilias
310 350 342 408 in
355 348 430 410 urbe
440 347 591 410 habendas
606 353 775 416 censerent;
791 363 909 417 omncs,
925 349 976 424 qni
986 365 1040 426 per
1059 355 1141 408 aeta-

183 440 241 492 tem
259 450 339 492 arma
360 432 439 493 ferre
456 439 592 510 possent,
615 431 761 492 custodire
784 431 901 492 moenia
921 448 956 491 ac
972 449 1028 510 pro
1045 429 1140 510 portis

150 532 163 579 r
182 517 322 577 stationes
342 533 430 594 agero
450 515 602 584 inmerent3
624 533 705 576 arma
721 513 882 576 Tusculum
898 514 935 576 ad
950 514 1140 594 supplemen-

183 609 244 660 tum
260 600 469 669 decernerent,
489 599 730 676 decemuirosque
744 597 780 659 ab
804 615 873 658 arce
886 597 1008 660 Tusculi
1025 599 1140 676 digres-

182 701 231 743 sos
248 685 279 744 in
295 684 398 744 castris
412 681 535 744 militem
545 681 673 751 haberc;
691 689 786 742 castra
801 680 858 742 alia
875 699 891 742 a
905 681 1026 743 Fidenis
1043 683 1074 741 in
1086 683 1141 743 Sa·

182 766 285 828 binum
297 784 401 845 agrum
416 767 573 828 transferri
585 765 724 844 belloque
735 765 812 826 ultro
825 765 981 828 inferendo
994 765 1140 828 deterreri

183 851 310 911 hostesa
329 850 452 912 consilio
468 849 551 912 urbis
567 849 790 928 oppugnandae.

246 933 344 994 XLIII.
375 935 419 996 lu
443 933 542 996 clades
562 933 598 994 ab
618 931 753 996 hostibus
774 939 910 1012 acceptas
933 933 990 994 duo
1013 932 1140 994 nefanda

149 1033 165 1080 2
184 1017 315 1078 iocinera
338 1016 497 1080 decemviri
519 1016 591 1078 belli
614 1017 753 1095 domique
773 1017 911 1078 adiciunt
945 1015 978 1076 L.
1002 1017 1131 1078 Siccium

183 1101 214 1160 in
229 1099 346 1161 Sabinis
364 1119 420 1180 per
434 1101 573 1162 Invidiam
588 1099 811 1164 decemviralem
834 1099 1023 1162 tribunorum
1038 1116 1142 1160 crean-

184 1183 289 1244 dorum
309 1185 543 1262 secessionisque
560 1185 725 1246 mentiones
747 1183 783 1244 ad
807 1183 910 1260 vulgus
934 1182 1061 1252 militum
1078 1201 1142 1244 ser-

183 1265 320 1329 monibus
335 1267 459 1330 occultis
473 1275 636 1338 serentem,
657 1265 897 1347 prospeculatum
920 1266 956 1330 ad
975 1265 1074 1329 locurn
1093 1285 1142 1327 ca·

149 1353 253 1415 astris
267 1351 443 1432 capiendum
462 1353 588 1412 mittunt.
617 1353 702 1412 datur
722 1353 872 1428 negotium
892 1349 1049 1420 militibus,
1068 1368 1143 1428 quos

183 1435 327 1495 mIserant
351 1435 545 1512 expeditionis
567 1436 629 1496 eius
653 1435 789 1504 comites,
817 1441 851 1494 ut
880 1452 947 1496 eum
975 1441 1142 1512 opportuno

149 1534 166 1582 4
185 1517 280 1578 adorti
294 1516 361 1578 loco
379 1517 590 1579 interficerent.
622 1517 701 1582 hand
717 1517 842 1579 inultum
855 1517 1050 1580 interfecere:
1073 1535 1142 1578 nam

185 1602 264 1661 circe
277 1607 492 1678 repugnantem
504 1600 616 1678 aliquot
626 1601 813 1664 insidiatores
825 1601 977 1672 cecidere,
994 1619 1061 1662 oum
1078 1603 1142 1680 ipse

184 1701 217 1745 se
233 1683 420 1762 praevalidus
436 1687 502 1763 pari
518 1683 629 1748 viribus
645 1685 743 1748 auimo
756 1687 973 1747 circumventus
987 1691 1142 1746 tutaretur.

151 1769 321 1829 enuntiant
336 1769 367 1828 in
388 1774 483 1830 castra
503 1771 609 1839 ceteri,
629 1769 855 1848 praecipitatum
877 1769 908 1828 in
923 1769 1044 1830 insidias
1067 1789 1142 1838 esse,

186 1851 315 1920 Siccium
333 1853 451 1930 egregie
472 1859 653 1932 pugnantem
673 1852 840 1930 militesque
857 1851 1000 1930 quosdam
1018 1871 1085 1914 cum
1106 1872 1142 1914 eo

150 1936 317 1996 semisses.
353 1937 450 2014 primo
472 1937 546 1998 tides
566 1936 768 1999 nuntiantibus
789 1936 858 2004 iuit;
882 1935 1016 2014 proiecta
1037 1937 1143 1998 deinde

185 2019 293 2080 cohors
308 2020 345 2081 ad
359 2019 555 2099 sepeliendos,
568 2022 619 2098 qni
631 2021 807 2090 ceciderant,
824 2020 1060 2082 decemvirorum
1074 2039 1143 2100 per·

184 2105 276 2163 missu
293 2109 448 2181 postquam
464 2103 577 2164 nullum
599 2104 756 2182 spoliatum
775 2103 818 2164 ibi
831 2121 940 2182 corpus
956 2105 1144 2182 Sicciumque

184 2187 215 2246 in
239 2187 336 2248 medio
355 2188 501 2249 iacentem
523 2196 725 2265 armatumque
747 2186 883 2250 omuibus
905 2188 937 2248 in
961 2205 1030 2248 eum
1050 2190 1143 2250 versis

185 2268 361 2367 corporibus
379 2270 494 2341 videre,
516 2271 645 2332 hostium
667 2288 764 2370 neque
780 2288 890 2349 corpus
913 2270 1006 2332 ullum
1023 2289 1079 2334 nec
1095 2291 1144 2333 ve·

184 2354 268 2430 stigia
283 2351 469 2424 abeuntium,
491 2372 546 2433 pro
548 2355 625 2416 lecto
639 2352 675 2415 ab
692 2357 752 2416 suls
767 2355 956 2420 interiectum
974 2372 1143 2416 memoran-

151 2447 167 2496 7
185 2443 229 2498 tes
249 2436 391 2498 rettulere
412 2454 530 2516 corpus.
570 2438 755 2516 invidiaeque
777 2435 865 2516 plene
885 2444 981 2500 cestra
1004 2447 1090 2500 erant
1116 2448 1143 2500 et

180 2520 307 2582 Romam
322 2520 396 2582 ferri
410 2524 546 2619 protinus
562 2522 690 2585 Siccium
704 2521 857 2600 placebat,
874 2523 906 2583 ni
924 2523 1142 2584 decemuiris

183 2621 240 2664 nus
255 2603 330 2665 rudit
318 2611 382 2666 tare
404 2607 431 2665 ei
449 2605 598 2684 publica¹
590 2623 715 2684 inpensa
736 2606 835 2668 lacere
856 2613 1061 2668 maturassent.
1096 2626 1143 2668 se·

183 2685 283 2765 pultus
308 2689 421 2764 ingenti
444 2689 569 2750 militum
587 2689 731 2755 maestitia
752 2690 879 2769 pessima
908 2689 1142 2750 decemrtrorum

183 2773 215 2830 in
230 2770 334 2848 tulgus
348 2772 425 2832 lama
441 2779 493 2834 est.

245 2854 341 2915 XLIV.
373 2856 511 2931 Sequitur
522 2854 620 2916 aliud
613 2874 644 2917 ιιι
655 2856 730 2920 urhe
744 2857 844 2929 nolas,
862 2858 898 2920 ab
911 2857 1033 2919 libidine
1046 2865 1144 2918 orturn

184 2937 263 2998 haud
283 2939 384 3004 ninus
400 2939 487 3003 loedo
510 2946 630 3011 euentu,
651 2957 739 3018 quam
753 2942 832 3019 quod
854 2961 909 3020 per
920 2950 1055 3022 stuprum
1077 2959 1143 3002 oee-

185 3021 312 3099 demque
333 3021 488 3086 Lucretiae
510 3021 585 3086 use
607 3041 761 3102 regnoque
782 3025 958 3105 Tarquinios
981 3025 1143 3104 expulerat,

184 3112 217 3166 ut
232 3123 292 3166 non
304 3106 370 3170 linis
382 3105 477 3170 solum
488 3107 567 3169 idem
579 3107 767 3178 decemviris,
783 3125 834 3186 qur
824 3109 979 3188 regibus,
991 3109 1044 3171 sed
1055 3125 1143 3168 causa

186 3191 273 3250 etiarn
295 3190 398 3252 eadem
419 3191 536 3270 imperii
558 3192 709 3254 andttendi
730 3199 815 3256 esset.
851 3193 894 3272 lp
896 3193 1070 3256 claudum
1084 3191 1143 3250 vir·

185 3273 261 3349 ginis
281 3272 415 3350 plebeiae
435 3274 614 3355 stuprandae
633 3275 724 3337 libido
746 3278 832 3354 cepit.
862 3285 947 3356 pater
968 3275 1090 3354 virginis
1108 3274 1142 3336 L.

185 3357 341 3433 Verginius
355 3357 512 3420 honestum
523 3359 658 3421 ordinem
670 3361 703 3420 in
714 3358 817 3438 Algido
832 3359 974 3430 ducebat,
988 3362 1033 3420 vir
1046 3376 1144 3422 exem·

184 3438 227 3517 pli
247 3441 324 3500 recti
342 3439 421 3500 domi
438 3441 626 3520 militiaeque.
658 3443 782 3522 perinde
803 3461 878 3504 uxor
898 3443 1029 3504 instituta
1048 3444 1144 3504 fuerat
