2572 3956
350 235 446 278 bruun
460 235 495 280 11.
519 234 592 277 our.
606 227 632 280 4.
650 229 675 281 5.
700 217 741 296 [a.
758 217 793 279 0.
808 219 871 297 509]
1049 226 1089 288 67

134 385 252 446 lacinus
267 382 410 444 iecerunt.
436 400 505 442 nam
520 401 587 444 cum
601 384 698 463 pridie
713 401 801 461 quam
814 383 902 463 legati
917 387 954 447 ad
964 386 1088 465 'larqrd-
1107 403 1121 453 s

135 469 204 530 uias
220 465 479 545 proficiscerentur
495 463 552 547 [et]
571 474 707 530 cenatum
723 467 801 528 forte
812 468 889 546 apud
900 468 1032 532 Vitellios
1043 490 1089 534 es·

135 558 197 620 set,
220 549 424 625 coniuratique
445 548 488 610 ibi
509 552 630 612 remotis
650 549 770 615 arbitris
789 550 880 613 molta
902 554 981 616 inter
1000 573 1033 616 se
1052 555 1088 616 de

135 652 223 704 novo,
238 642 271 694 ut
282 632 323 702 fit,
341 631 464 693 consilio
479 634 622 710 egissent,
644 652 812 697 sermonem
827 653 930 698 eorum
945 657 982 698 ex
996 638 1088 700 servis

136 735 213 778 uuus
228 717 361 794 excepit,
379 717 430 792 qui
444 717 504 776 iarn
517 725 603 780 autea
617 717 648 779 id
665 725 798 782 senserat
811 719 872 797 egi;
893 722 945 782 sed
960 739 1025 782 eam
1039 739 1089 782 oc·
1106 726 1124 780 d

136 803 302 869 pasionem,
324 807 357 860 ut
369 798 485 861 litterae
499 797 602 878 legatis
618 801 775 873 darentur,
796 820 873 880 quae
887 803 1089 883 deprehensae

135 903 201 946 rem
215 900 377 961 coarguere
391 891 522 963 possent,
539 883 719 963 expectabat.
751 893 907 965 postquam
923 888 1005 949 datus
1022 907 1089 949 sen·

135 969 183 1038 sit,
198 985 263 1028 rem
278 966 315 1028 ed
332 964 468 1028 consules
482 965 593 1028 detulit.
621 967 757 1031 consules
771 968 810 1031 ad
824 969 1089 1049 deprehendendos
1107 983 1123 1031 r

134 1050 248 1129 legatos
273 1049 499 1128 coniuratosque
527 1051 654 1130 proiecti
678 1051 766 1114 domo
792 1053 855 1114 sine
875 1054 1000 1116 tumultu
1024 1072 1090 1116 rem

135 1151 255 1196 omnem
269 1150 463 1212 oppressere,
487 1131 652 1196 litterarum
666 1135 697 1196 in
713 1136 817 1214 primis
830 1135 929 1197 habita
948 1155 1035 1208 cura,
1051 1153 1090 1198 ne

135 1217 355 1279 interciderent
385 1216 588 1294 proditoribus
610 1217 756 1298 extemplo
777 1221 809 1280 in
829 1219 925 1282 vincla
948 1222 1089 1282 coniectis

136 1301 173 1364 de
200 1299 303 1378 legatis
326 1297 479 1378 paululum
498 1298 700 1362 addubitatum
719 1307 777 1372 est,
799 1309 829 1366 et
846 1318 1023 1381 quamquam
1035 1305 1089 1364 risi

136 1393 205 1446 sunt
224 1383 421 1528 cplmmisisse,
440 1391 474 1444 ut
491 1381 620 1446 hostium
636 1383 703 1446 loco
720 1393 829 1456 essent,
844 1386 891 1448 ius
905 1392 1003 1448 umen
1017 1403 1088 1465 gen·

134 1469 241 1528 tiumv
270 1468 321 1526 uit.

199 1550 230 1612 V.
263 1549 306 1611 De
324 1548 412 1610 bonis
431 1549 525 1627 regis,
548 1565 623 1628 quae
640 1549 725 1612 reddi
743 1559 810 1614 ante
826 1560 1016 1622 censuerant,
1039 1569 1088 1614 res
1108 1568 1121 1617 1

136 1637 250 1712 integra
264 1633 392 1695 refertur
407 1633 444 1693 sd
457 1640 566 1712 patres.
590 1632 634 1694 ibi
650 1635 717 1694 victi
735 1635 780 1718 ira
797 1641 916 1698 vetuere
930 1636 1024 1706 reddi,
1040 1653 1088 1696 ve·

135 1726 220 1782 tuere
236 1718 269 1778 iu
287 1714 440 1796 publicum
458 1716 568 1795 redigi:
590 1715 755 1796 diripienda
776 1716 858 1797 plebi
874 1727 942 1782 sunt
957 1718 1037 1789 data,
1057 1727 1123 1784 uto

136 1808 269 1865 contecta
291 1801 373 1878 regia
394 1799 504 1878 praede
522 1817 605 1878 spem
624 1802 656 1860 in
678 1808 853 1878 perpetuum
868 1819 935 1864 eum
955 1802 993 1862 iis
1007 1803 1089 1880 pacis

136 1887 291 1948 amitteret
306 1900 376 1962 ager
390 1884 628 1960 Tarquiniorum,
642 1885 693 1960 qui
705 1884 782 1944 inter
796 1883 903 1952 urbem
913 1902 947 1945 ac
959 1882 1089 1945 Tiberim

136 1970 200 2038 luit,
218 1973 409 2028 consecratus
422 1965 509 2028 llarti
522 1965 645 2028 Martius
660 1965 766 2028 deinde
782 1984 903 2046 campus
921 1967 984 2028 luit.
1013 1966 1089 2028 loris
1107 1983 1123 2036 3

135 2051 179 2112 ibi
199 2059 261 2112 tum
281 2066 367 2127 seges
385 2049 474 2110 ferris
497 2049 605 2110 dicitur
624 2049 716 2110 fuisse
736 2058 850 2112 matura
873 2052 970 2112 messi.
1001 2067 1089 2128 quem

136 2134 234 2212 campi
248 2133 376 2196 fructum
394 2133 462 2210 qnia
478 2131 650 2210 religiosum
668 2139 731 2193 erat
742 2150 926 2204 consumere,
942 2133 1089 2196 desectam

137 2235 204 2280 curu
230 2221 389 2278 stramento
419 2223 548 2293 segetem
573 2231 678 2292 magna
702 2217 745 2277 vis
766 2215 919 2278 hominum
941 2215 1027 2278 dmul
1044 2217 1088 2276 iu·

136 2302 225 2362 misse
250 2297 390 2360 corbibus
412 2298 514 2360 ludere
533 2300 565 2359 iu
586 2297 718 2360 'liberim
738 2302 821 2361 tenui
840 2299 981 2362 liuentem
1003 2316 1087 2377 aqua.

136 2392 169 2446 ut
182 2381 288 2446 mediis
302 2380 452 2444 caloribus
466 2380 549 2444 solet
565 2383 604 2442 ite
619 2383 651 2442 in
667 2381 748 2442 vadis
763 2381 935 2443 haesitantis
949 2383 1087 2444 frumeuti

137 2483 258 2530 acervos
278 2465 389 2526 sedisse
413 2463 513 2526 inlitos
532 2463 612 2525 limo.
654 2463 780 2526 insulam
801 2463 870 2526 inde
896 2464 1036 2543 praulatim
1061 2472 1122 2526 ete

32 2561 36 2572 '
137 2548 217 2620 eliis,
247 2565 323 2627 quae
341 2548 401 2609 lert
417 2554 529 2610 temere
550 2547 676 2617 flumen,
702 2547 807 2610 eodem
829 2548 951 2608 invectis
973 2547 1087 2608 lactem.

136 2642 238 2713 postea
252 2632 342 2694 credo
355 2630 466 2692 edditas
478 2629 571 2692 moles
586 2645 735 2706 manuque
748 2630 888 2701 adiutum,
905 2636 1006 2690 uttam
1018 2632 1089 2690 emi-
1111 2707 1114 2712 ι

136 2733 211 2780 nens
229 2733 298 2778 area
316 2715 459 2791 firmaque
478 2712 596 2792 templis
616 2729 734 2790 quoque
759 2731 793 2774 ae
814 2711 978 2790 porticibus
1003 2715 1088 2774 susti·

137 2797 242 2862 neudis
256 2806 342 2862 esset.

166 2884 174 2891 ’
200 2881 329 2961 Direpu‘s
342 2879 430 2942 bonis
444 2897 549 2958 regum
563 2879 691 2942 damuati
701 2871 873 2957 proditores
882 2888 1089 2958 sumptumque
1105 2892 1216 2969 εχ

137 2963 331 3043 supplicium,
355 2966 541 3042 conspectius
563 2982 614 3033 eo,
636 2961 714 3040 quod
731 2980 847 3040 poenae
860 2964 1019 3042 capiendae
1034 2967 1089 3024 mi·

138 3049 290 3110 nisterium
296 3049 374 3126 patri
383 3047 420 3109 de
431 3045 534 3111 liberis
540 3045 708 3108 consulatus
718 3046 856 3123 inposuit,
865 3054 902 3117 et,
915 3047 965 3124 qui
975 3055 1088 3126 specta·

137 3141 184 3192 tor
206 3140 270 3194 erat
288 3130 480 3200 amovendus,
502 3147 569 3192 eum
588 3131 686 3207 ipsum
704 3129 821 3190 fortuna
838 3136 1003 3193 exactorem
1018 3147 1087 3208 sup·

137 3215 219 3294 plicii
239 3215 328 3276 dedit.
360 3213 476 3276 stabant
495 3210 613 3290 deligati
632 3213 669 3273 ad
693 3211 793 3290 palum
808 3209 983 3274 nobilissimi
1007 3213 1087 3274 iuve-

137 3316 200 3360 nes.
219 3298 272 3360 sed
285 3316 304 3358 a
315 3299 436 3368 ceteris,
450 3295 529 3359 velut
550 3293 587 3356 ab
606 3296 714 3372 ignotis
730 3294 891 3372 capitibus,
906 3294 1036 3359 consuis
1052 3293 1087 3355 li·
1104 3310 1122 3360 e

137 3379 203 3443 beri
224 3382 358 3444 omnium
380 3382 412 3440 in
432 3399 466 3442 se
486 3385 651 3440 averterant
665 3377 781 3448 oculos,
796 3377 1012 3456 miserebatque
1026 3395 1087 3438 uon

137 3480 251 3542 postiae
264 3465 360 3542 megin
374 3461 509 3526 homines
523 3479 610 3538 quam
624 3460 761 3532 sceleris,
778 3477 836 3538 quo
850 3478 976 3539 poenam
991 3461 1086 3521 meriti

877 3543 920 3608 5*
