2580 3954
221 179 281 244 180
344 194 439 234 ornan
455 192 502 233 111.
526 192 596 234 oar.
614 183 657 238 56.
677 183 720 237 57.
748 175 787 251 [a.
803 195 831 234 u.
848 193 873 233 c.
898 179 949 237 3⁰5
964 169 1056 251 (306)]

220 363 253 405 se
268 342 443 402 documento
458 341 606 412 futurum,
625 347 724 401 utrum
741 343 824 402 novis
837 338 953 419 legibus
967 334 1127 398 dominatio
1139 351 1181 394 an

220 425 341 488 libertas
358 425 471 485 firmata
491 427 541 496 sit,
564 431 597 485 et
613 423 770 502 appellatio
785 425 1015 503 provocatioque
1036 419 1181 482 adversus

219 511 358 569 iniuriam
378 509 600 585 magistratuum
620 514 763 570 ostentata
784 515 897 568 tantum
914 503 1052 566 inanibus
1069 503 1180 564 litteris

119 615 121 618 ·
220 610 342 654 anvere
356 591 422 652 data
439 591 485 652 sit.

188 689 201 740 1
283 675 365 738 LVII.
396 675 503 736 Contra
523 693 557 736 ea
570 675 726 751 Verginius
746 691 838 736 unum
851 673 903 751 Ap.
923 672 1076 736 Claudium
1090 679 1119 732 et
1132 669 1179 730 lo·
1275 705 1276 710 κ

220 777 290 838 gum
307 765 458 837 expertem
483 765 513 820 et
537 756 631 818 civilis
654 767 683 820 et
702 759 824 818 hnmani
845 757 974 818 loederis
989 774 1054 816 esse
1069 753 1178 816 aiebat.

185 853 202 902 2
220 845 404 921 respicerent
424 840 555 901 tribunal
577 839 727 912 homines,
755 839 907 902 castellum
932 841 1063 899 omnium
1083 837 1177 898 scele-

219 944 303 995 rnm,
323 923 376 984 uhi
395 924 543 986 decemvir
564 922 615 985 ille
635 933 812 1003 perpetuus,
835 923 921 984 honis
941 929 1025 1000 tergo
1040 921 1178 998 sanguini

186 1017 203 1068 3
221 1010 328 1069 civium
338 1007 475 1078 infestus,
491 1009 588 1085 virgas
600 1026 778 1085 securesque
790 1005 927 1068 omnihus
938 1007 1091 1074 minitans,
1106 1004 1178 1065 deo·

220 1109 288 1152 rum
301 1091 513 1168 hominumque
528 1098 728 1170 contemptor,
750 1089 937 1151 carnificibus
949 1107 1010 1149 non
1025 1085 1179 1149 lictoribus

220 1176 357 1253 stipatus,
382 1176 440 1234 iam
461 1173 497 1234 ab
514 1176 626 1253 rapinis
645 1181 674 1236 et
695 1173 835 1236 caedibus
849 1175 948 1234 animo
970 1172 1007 1233 ad
1025 1170 1179 1232 libidinem

220 1275 305 1319 verso
327 1259 471 1335 virginem
492 1259 651 1336 ingenuam
669 1260 701 1318 in
722 1257 815 1319 oculis
837 1255 940 1335 populi
958 1255 1083 1317 Romani
1100 1251 1180 1315 velut

220 1340 299 1402 bello
316 1349 430 1418 captam
445 1340 482 1401 ab
501 1341 649 1420 conplexu·
661 1343 753 1421 patris
768 1340 921 1418 abreptam
937 1341 1072 1399 ministro
1095 1336 1179 1398 cubi·

187 1435 203 1482 4
221 1423 280 1486 culi
295 1426 341 1485 sui
356 1421 483 1504 [clienti]
501 1424 578 1484 dono
595 1424 724 1494 dederit,
746 1424 798 1484 uhi
813 1422 926 1484 erudeli
942 1422 1061 1484 decreto
1076 1421 1179 1482 noian-

221 1507 324 1584 disque
342 1507 478 1566 vindiciis
502 1507 634 1567 dextram
657 1509 748 1584 patris
768 1510 800 1567 in
821 1507 910 1566 liliam
932 1507 1104 1576 armaverit,
1126 1503 1179 1564 ubi

220 1589 357 1651 tollentes
373 1606 481 1666 corpus
498 1591 669 1650 semianime
683 1591 804 1668 virginis
819 1607 961 1668 sponsum
983 1605 1126 1666 avumque
1146 1587 1179 1646 in

222 1691 373 1735 carcerem
392 1672 460 1732 duci
480 1673 614 1742 iusserit,
641 1679 744 1751 stupro
764 1671 951 1750 interpellato
974 1671 1179 1750 magis'quam

222 1757 313 1820 caede
326 1762 432 1819 motus.
462 1764 491 1817 et
503 1755 547 1816 illi
561 1773 713 1818 carcerem
728 1757 913 1817 aedificatum
928 1763 1010 1826 es'se,
1033 1754 1111 1832 quod
1126 1754 1179 1814 do-

187 1838 363 1902 omicilium
386 1837 482 1918 plebis
502 1839 652 1900 Romanae
672 1857 777 1902 vocare
799 1842 837 1901 sit
857 1838 968 1900 solitus.
999 1838 1124 1917 proinde
1146 1845 1182 1897 ut
1275 1847 1276 1858 ¹

221 1923 272 1986 ille
288 1925 396 1986 iterum
410 1941 445 1984 ac
459 1925 577 2002 saepius
591 1930 745 2001 provocet,
771 1925 814 1984 sic
834 1942 869 1984 se
886 1924 994 1983 iterum
1014 1939 1048 1982 ac
1063 1922 1181 1998 saepius

221 2007 351 2070 iudicem
364 2005 407 2066 illi
427 2008 521 2077 ierre,
542 2008 575 2067 ni
588 2005 730 2068 vindicias
751 2005 787 2067 ab
804 2005 941 2066 libertate
958 2007 990 2064 in
1011 2006 1180 2066 servitutem

222 2090 345 2152 dederit.
383 2092 409 2151 si
433 2090 469 2151 ad
489 2089 618 2151 iudicem
638 2107 699 2148 non
722 2096 782 2159 eat,
803 2107 858 2168 pro
877 2089 1013 2150 damnato
1034 2090 1065 2146 in
1086 2086 1181 2147 vincla

189 2175 206 2226 6
222 2174 290 2234 duci
302 2173 415 2238 iubere.
441 2180 474 2233 ut
485 2172 563 2232 hand
577 2189 725 2249 quoquam
735 2172 913 2250 inprobante
926 2173 968 2233 sic
979 2188 1087 2249 magno
1098 2178 1181 2230 motu

223 2259 403 2324 animorum,
423 2272 490 2314 cum
504 2256 577 2315 tanti
597 2256 654 2314 viri
670 2254 815 2334 supplicio
833 2262 946 2318 suamet
960 2253 1040 2332 plebi
1062 2257 1119 2313 iam
1135 2255 1181 2312 ni-

223 2341 281 2400 mia
297 2338 418 2400 libertas
433 2338 595 2408 videretur,
618 2339 650 2397 in
666 2356 819 2400 carcerem
835 2347 879 2400 est
894 2339 1053 2399 coniectus.
1087 2336 1181 2396 tribu·

222 2440 278 2484 nus
293 2423 324 2492 ei
337 2421 415 2483 diam
430 2422 568 2500 prodixit.

189 2501 205 2550 ⁷
284 2507 363 2567 lnter
378 2503 452 2567 haec
469 2505 506 2566 ab
523 2505 633 2566 Latinis
649 2513 679 2567 et
692 2505 829 2568 Hernicis
843 2505 933 2584 legati
951 2504 1128 2583 gratulatum
1142 2503 1181 2565 de
1275 2553 1276 2566 ,

223 2590 381 2651 concordia
405 2595 522 2667 patrum
538 2607 573 2649 ac
586 2587 682 2667 plebis
697 2588 821 2650 Romam
837 2595 996 2659 venerunt,
1012 2589 1182 2663 donumque

223 2673 260 2732 ob
283 2691 348 2734 eam
370 2672 431 2732 lori
453 2680 572 2750 optumo
593 2673 720 2732 maximo
744 2691 885 2734 coronam
908 2690 1029 2732 auream
1048 2673 1080 2730 in
1096 2669 1182 2748 Capi·
1275 2669 1276 2672 ’

223 2756 326 2816 lolium
342 2753 438 2815 tulere
457 2757 541 2833 parri
561 2755 716 2833 ponderis,
742 2763 832 2833 prout
851 2774 900 2818 res
924 2755 1003 2815 haud
1024 2752 1182 2832 opulentae
1275 2783 1276 2786 ¹

224 2847 321 2908 erant,
346 2835 578 2915 colebanturque
600 2837 759 2918 religiones
777 2841 827 2918 pie
846 2840 939 2917 magis
959 2855 1047 2916 quam
1068 2836 1182 2914 magni·
1275 2825 1276 2862 l

189 2921 287 2983 Siice.
324 2921 418 2982 isdem
439 2920 609 2984 auctoribus
630 2923 780 3000 cognitum
801 2930 846 2986 est
864 2923 980 3000 Aequos
1001 2918 1182 2996 Volscosque
1275 2963 1276 2966 ,

189 3005 207 3056 9
224 3023 336 3067 summa
350 3005 380 3064 vi
393 3003 506 3065 bellum
520 3023 674 3084 apparare.
704 3007 803 3083 itaque
817 3007 921 3085 partiri
931 3005 1099 3084 provincias
1110 3019 1182 3062 con-

224 3087 302 3150 sules
317 3089 398 3150 iussi.
426 3087 547 3149 Horatio
566 3087 681 3160 Sabini,
700 3088 815 3149 Valerio
834 3089 928 3166 Aequi
946 3105 1081 3150 evenere.
1114 3103 1182 3147 cum

225 3171 260 3233 ad
277 3191 310 3234 ea
324 3170 402 3233 bella
419 3171 559 3234 dilectum
574 3173 747 3242 edixissent,
771 3172 871 3234 lavore
891 3170 987 3250 plebis
1008 3188 1070 3232 non
1084 3170 1183 3229 iunio-
1275 3173 1276 3232 l

224 3274 274 3316 ras
289 3256 376 3316 modo
392 3255 444 3316 sed
458 3256 588 3318 emeritis
602 3255 690 3316 ¹etiarn
707 3255 861 3332 stipendiis
875 3272 944 3335 pars
958 3271 1064 3332 magna
1077 3250 1182 3313 volun·

224 3339 366 3398 lariorum
385 3338 421 3398 ad
436 3341 554 3400 nomina
567 3338 661 3399 danda
672 3347 788 3416 praesto
799 3339 899 3408 fuero,
917 3355 1011 3416 eoque
1023 3355 1083 3398 non
1095 3337 1182 3414 copia
1275 3347 1276 3408 g

225 3420 312 3482 modo
326 3421 378 3481 sed
394 3439 503 3498 genere
525 3423 612 3483 etiam
632 3421 771 3492 militum,
792 3423 938 3484 veteranis
960 3420 1109 3487 admixtis.
1130 3419 1185 3479 iir-
