2580 3954
228 175 287 239 148
331 191 426 232 niens
442 189 490 232 111.
522 179 768 234 cerumtit.
800 166 837 249 [s.
856 177 1001 234 usses.
1018 168 1081 246 296]

227 346 308 401 extra
325 323 506 401 munimenta
518 337 616 400 caedis
628 336 801 415 fugientium
812 336 876 407 tuit,
891 336 944 398 sed
954 335 1065 414 praeda
1076 337 1181 408 maior,

226 425 294 502 quia
311 424 358 483 vix
373 440 455 484 arma
472 440 573 485 secum
593 421 699 484 essene
712 420 806 482 hostis
820 421 922 500 potuit.
944 418 1117 499 deletusque
1132 439 1183 482 ex·

225 509 336 569 orcitus
351 507 437 576 toret,
452 508 484 568 ni
499 507 638 584 fugientis
654 505 742 566 silvae
759 506 908 566 texissent.
1279 573 1280 578 γ

194 608 207 661 1
286 590 391 674 xxttt„
417 590 493 651 Dum
509 590 545 652 ad
559 590 677 650 Ancum
690 589 765 650 lraec
780 595 938 666 geruntur,
952 587 1072 650 interim
1087 587 1183 666 Aequi

225 675 335 736 robore
349 675 506 736 iuventutis
521 675 685 753 praernisso
702 690 802 734 arcem
818 670 1016 734 Tusculanam
1029 671 1181 751 inproviso

225 765 313 820 nocte
334 760 469 836 capiunt:
497 756 613 836 reliquo
636 756 768 819 exercitu
791 755 871 816 haud
892 753 999 835 procui
1025 753 1183 816 moenibus

190 857 206 907 2
224 841 345 903 Tusculi
362 841 532 912 considunt,
555 847 588 900 ut
605 839 807 902 distenderent
821 839 950 900 hostium
966 839 1076 916 copias.
1108 837 1183 899 haec

225 924 363 986 celeriter
369 924 502 995 Romam,
514 924 651 986 ebRcma
661 925 693 984 iu
705 929 800 984 castra
811 924 930 984 Antium
940 921 1053 1002 perlata
1064 929 1183 983 movent

223 1008 373 1070 Romanos
388 1007 467 1069 lraud
481 1027 567 1070 secus
579 1007 703 1085 quamsi
715 1005 890 1086 Capitolium
902 1012 1019 1084 captum
1031 1008 1182 1068 uuntlare·

223 1099 286 1153 tur:
310 1092 383 1154 adeo
399 1097 428 1152 et
441 1110 548 1154 recens
563 1099 628 1153 erat
640 1090 874 1152 'lusctdanorum
890 1090 1043 1161 meritum,
1059 1096 1088 1151 et
1102 1091 1182 1151 simi·
1279 1155 1280 1168 p

223 1173 316 1237 litudo
339 1177 403 1255 ipsa
424 1175 551 1256 periculi
572 1192 731 1254 reposcere
749 1173 848 1236 datum
863 1172 1004 1236 auxilium
1018 1172 1181 1234 uidebatur.
1279 1179 1280 1198 ³

189 1258 334 1327 sl'alrius
357 1261 473 1321 omissis
494 1257 632 1320 omnibus
653 1257 794 1338 praedam
816 1276 852 1319 ex
876 1257 980 1318 castris
1001 1258 1109 1337 raptim
1123 1257 1182 1318 ln·
1279 1257 1280 1312 Ξ

224 1345 297 1405 tium
313 1343 464 1411 convehit3
482 1342 525 1404 ihi
536 1341 653 1403 modico
664 1341 812 1420 praesidio
825 1339 930 1402 relicto
942 1342 1063 1402 citatum
1076 1357 1182 1419 agmen
1279 1369 1280 1422 p

223 1426 385 1488 Tusculum
401 1427 487 1505 rapit.
519 1425 593 1486 nihil
608 1433 727 1504 praeter
742 1443 823 1486 arma
840 1431 869 1486 et
885 1424 963 1501 quod
979 1425 1056 1485 coeti
1071 1425 1108 1486 ad
1121 1442 1183 1484 ma·
1279 1423 1280 1490 Ῐ

223 1527 294 1570 num
310 1509 365 1570 tuit
375 1509 434 1584 cibi
446 1510 526 1571 terre
536 1508 623 1569 militi
636 1508 727 1570 licuit.
751 1515 947 1570 commeatum
958 1507 995 1569 ab
1007 1507 1099 1569 Roma
1111 1525 1183 1568 con·
1279 1537 1280 1544 κ

189 1613 206 1660 4
224 1592 269 1654 sul
286 1591 442 1655 Cornelius
456 1591 600 1662 subvehit.
636 1591 749 1669 aliquot
763 1610 881 1654 menses
895 1590 1017 1654 Tusculi
1030 1590 1182 1653 bellatum.

222 1683 307 1756 perte
340 1677 488 1738 exercitus
518 1673 623 1738 consul
655 1683 750 1736 castra
780 1675 950 1753 Aequorum
983 1674 1182 1755 oppugnabat,

222 1767 337 1839 partem
356 1759 532 1822 Tusculanis
552 1759 676 1821 dederat
697 1760 734 1821 ad
755 1776 854 1820 arcem
878 1759 1122 1838 recuperandam.
1154 1760 1183 1820 ri

222 1861 385 1922 numquam
401 1862 436 1906 eo
452 1843 545 1905 subiri
561 1845 670 1923 potuit:
692 1843 784 1905 fames
801 1849 951 1922 postremo
969 1842 1039 1904 inde
1057 1842 1184 1904 detraxit
1279 1899 1280 1918 ¹

188 1943 204 1993 5
221 1926 347 1990 hostem.
380 1944 439 2005 quo
455 1935 611 2008 postquam
626 1935 745 1989 ventum
757 1927 794 1989 ad
806 1932 969 1988 extremum
982 1932 1035 1996 est,
1052 1928 1183 1988 inermes

222 2012 352 2090 nudique
370 2029 473 2074 omnes
488 2010 657 2090 subiugum
672 2010 708 2072 ab
724 2009 899 2072 'lirsculanis
913 2010 1004 2071 missi.
1027 2010 1083 2071 hos
1096 2013 1181 2089 ignc-

222 2097 347 2156 miniosa
367 2095 436 2174 iuga
463 2096 583 2157 domum
604 2115 637 2156 se
656 2095 834 2174 recipientes
853 2094 1004 2156 Romanus
1027 2094 1132 2157 consul
1150 2095 1182 2154 in

187 2198 204 2249 s
222 2178 326 2258 Algido
343 2187 521 2240 consecutus
540 2178 576 2240 ad
591 2196 682 2238 unum
699 2196 802 2239 omnes
817 2177 933 2239 occidit.
965 2178 1059 2239 victor
1074 2178 1110 2240 ad
1127 2179 1182 2241 Co·

221 2262 322 2324 lumen
340 2296 375 2308 -
394 2263 425 2322 id
440 2262 506 2322 loeo
524 2280 635 2324 nomen
650 2270 693 2324 est
709 2296 744 2307 -
763 2263 894 2324 exercitu
909 2259 1013 2324 relicto
1031 2269 1126 2324 castra
1138 2262 1181 2322 lo·

221 2353 276 2406 eat.
309 2353 339 2408 et
358 2344 431 2407 alter
453 2345 571 2416 consid,
599 2352 755 2424 postquam
773 2343 929 2408 moenibus
955 2347 1014 2407 iarn
1041 2345 1181 2407 Romanis

220 2428 306 2509 pulso
329 2429 414 2492 hoste
436 2430 602 2508 periculum
625 2449 690 2492 esse
711 2429 856 2499 desierat,
884 2435 913 2490 et
939 2431 1003 2508 ipse
1027 2428 1063 2490 ab
1087 2429 1182 2492 Roma

187 2513 380 2594 sproiectus.
416 2516 455 2575 ita
475 2512 612 2574 bilariam
637 2513 774 2576 consides
798 2514 926 2590 ingressi
952 2513 1081 2574 hostium
1106 2514 1182 2576 fines

220 2599 333 2676 ingenti
359 2599 519 2659 certamine
538 2597 610 2658 hinc
624 2595 747 2659 Volscos
769 2596 841 2658 hinc
856 2597 974 2674 Aequos
989 2596 1180 2676 poptdantur.

219 2679 332 2742 Eodem
355 2699 432 2744 anno
454 2682 584 2752 descisse
603 2681 733 2742 Antiates
754 2680 832 2759 apud
857 2679 1016 2759 plerosque
1043 2689 1180 2744 auctores

219 2767 354 2827 invenio:
377 2765 409 2824 L.
426 2762 596 2826 Cornelium
612 2764 763 2827 consulem
779 2764 809 2825 id
826 2763 938 2826 bellum
953 2765 1079 2842 gessisse
1095 2766 1180 2844 oppi-

220 2848 349 2926 dumque
372 2851 486 2926 cepisse
506 2855 619 2910 certum
633 2848 805 2919 adfirmare,
823 2849 891 2926 quia
908 2847 989 2909 nulla
1004 2847 1080 2927 apud
1097 2856 1180 2910 retu·

220 2931 327 2993 stiores
342 2933 405 2994 eius
419 2933 465 2994 rei
480 2933 590 2994 mentio
609 2939 666 3002 est,
681 2950 743 2993 non
758 2932 862 2994 ausim.

189 3038 199 3086 1
284 3014 383 3076 XXIV.
414 3015 478 3077 lloc
497 3015 577 3078 bello
597 3016 731 3095 perlecto
753 3015 946 3078 tribunicium
966 3016 1047 3078 domi
1067 3013 1179 3076 bellurn

219 3106 319 3178 patres
338 3102 462 3162 territat.
495 3098 623 3161 clamant
637 3099 742 3162 traude
756 3100 838 3170 fieri,
861 3099 940 3178 quod
955 3100 1028 3161 loris
1042 3105 1179 3161 teneatur

220 3185 382 3255 exercitus,
407 3184 627 3245 frustrationem
647 3201 712 3245 eam
728 3181 802 3262 legis
815 3182 964 3246 tollendae
981 3201 1061 3253 esse;
1084 3201 1116 3244 se
1130 3183 1178 3243 ni·

185 3276 202 3324 2
219 3265 281 3326 hilo
301 3267 399 3329 nrinus
418 3285 483 3329 rem
498 3274 664 3346 susceptam
678 3275 861 3346 peracturos.
890 3265 1018 3330 obtinuit
1030 3274 1129 3328 tamen
1143 3265 1177 3328 L.

143 3349 145 3357 ⁴
220 3347 376 3411 Lucretlus
398 3351 565 3429 praelectus
579 3350 678 3421 urbis,
691 3359 725 3414 ut
738 3353 869 3414 actiones
885 3343 1063 3414 tribuniciae
1076 3351 1108 3410 in
1124 3349 1177 3412 ad·

184 3443 202 3493 s
220 3438 337 3493 ventum
354 3433 506 3496 consulum
521 3433 719 3498 differrentur.
748 3435 819 3498 Erat
838 3442 867 3498 et
880 3452 955 3498 nora
971 3442 1072 3498 exorta
1087 3451 1175 3496 causa
