2548 3954
253 231 350 275 nmma
365 233 386 272 1.
407 232 479 274 cnr.
496 223 538 278 18.
557 223 598 278 19.
617 224 661 276 20.
685 213 727 292 [a.
746 213 781 274 0.
798 217 929 294 trs-672]
1029 223 1069 284 21

112 383 254 446 translato
281 381 384 442 dextra
405 382 436 442 in
458 388 547 458 caput
566 379 678 444 Numae
707 382 843 459 imposita
869 391 1007 461 precatus
1030 387 1070 446 ita

113 475 171 530 est:
192 466 345 546 „luppiter
359 471 460 543 pater,
482 465 508 524 si
529 471 574 525 est
586 465 630 526 ias
644 459 724 525 hun'o
742 463 868 526 Numam
882 467 1069 547 Pompilium,
1083 479 1100 533 9

113 553 198 612 cuius
213 567 269 628 ego
285 555 373 627 caput
393 554 498 618 teneo,
518 565 621 626 regem
634 547 746 609 Romae
767 567 848 619 esse,
869 551 912 610 uti
934 558 966 611 tu
985 553 1069 629 signa

112 634 200 697 nobis
215 641 297 695 certa
317 630 491 694 adclarassis
511 633 590 694 inter
611 651 663 694 eos
680 633 770 702 lines,
793 650 868 710 quos
881 634 971 696 ieci.“
1008 643 1070 696 tum

112 720 230 798 peregit
249 715 348 779 verbis
364 718 508 796 auspicia,
535 733 610 792 quae
624 717 699 776 mitti
714 715 815 783 vellet:
843 717 950 794 quibus
973 721 1070 780 missis

113 801 281 865 declaratus
296 819 351 862 rex
366 799 460 862 Numa
475 800 512 860 de
526 798 637 878 templo
652 800 814 861 descendit.

177 885 251 947 XIX.
282 881 338 954 Qui
352 901 447 962 regno
463 885 501 945 ita
519 885 629 962 potitus
652 884 759 947 urbem
778 901 901 956 novam,-
922 887 1069 947 conditam
1089 899 1103 948 1

112 972 185 1030 viet
200 970 305 1039 armis,
326 969 392 1030 iure
412 986 477 1028 eam
498 966 672 1045 legibusque
690 987 725 1028 ao
741 968 875 1030 moribus
896 971 932 1031 de
953 973 1068 1048 integro

113 1053 244 1115 condere
260 1059 353 1130 parat.
385 1051 575 1130 quibuscum
596 1053 674 1113 inter
691 1049 770 1113 bella
793 1053 970 1115 adsuescere
989 1054 1069 1116 vide·
1089 1068 1106 1117 2

112 1145 158 1199 ret
172 1153 233 1196 non
246 1153 344 1214 posse,
360 1136 470 1214 quippe
487 1136 605 1196 efferari
619 1135 722 1196 militia
737 1137 860 1207 animos,
877 1138 1070 1215 mitigandum

112 1222 246 1282 ferocem
267 1217 410 1298 populum
430 1237 582 1283 armorum
603 1219 797 1282 desuetudine
818 1227 899 1282 ratus
915 1221 1017 1282 lanum
1034 1222 1070 1282 ad

113 1305 245 1366 intimum
261 1301 425 1381 Argiletum
440 1304 569 1364 indicem
588 1305 671 1380 pacis
691 1301 822 1380 bellique
841 1304 927 1374 lecit,
951 1311 1071 1383 apertus

112 1390 192 1450 utin
210 1389 300 1448 armis
318 1405 383 1448 esse
401 1387 562 1456 civitatem,
586 1385 703 1448 clausus
723 1394 843 1465 pacatos
863 1389 942 1449 circa
966 1406 1069 1451 omnes

112 1471 239 1551 populos
251 1471 439 1550 significaret
467 1469 514 1532 bis
526 1470 633 1532 deinde
648 1477 715 1549 post
726 1470 838 1532 Numae
849 1489 975 1550 regnum
990 1470 1068 1534 clau·
1087 1463 1103 1514 3

111 1575 162 1617 sus
177 1555 245 1624 luit,
263 1553 355 1616 semel
370 1555 403 1616 Τ.
424 1553 533 1615 Manlio
549 1554 671 1616 consule
694 1562 762 1633 post
778 1555 922 1617 Punicum
940 1558 1069 1636 primum

111 1639 277 1718 perfectum
291 1636 418 1709 bellum,
438 1639 563 1710 iterum,
585 1638 664 1716 quod
678 1645 797 1700 nostrae
817 1642 905 1700 aetati
922 1640 1068 1702 diidede·

111 1729 182 1784 runt
197 1730 229 1784 ut
244 1722 428 1793 videremus,
449 1730 517 1801 post
527 1720 640 1784 bellum
660 1724 812 1785 Actiacum
832 1723 867 1783 ab
889 1725 1069 1803 imperatore

112 1807 238 1870 Caesare
259 1807 389 1884 Augusto
416 1824 490 1884 pace
513 1812 593 1868 terra
620 1808 754 1883 marique
775 1815 868 1885 parta.
904 1807 1009 1870 Clauso
1032 1827 1068 1870 eo
1091 1807 1103 1856 ¹

112 1909 180 1951 cum
203 1891 335 1951 omnium
355 1891 435 1951 circa
458 1889 651 1951 finitimorum
670 1892 813 1951 societate
837 1909 872 1953 ac
897 1890 1068 1953 foederibus

111 1976 256 2036 iunxisset
271 1976 401 2044 animos,
423 1975 526 2052 positis
549 1981 742 2037 externorum
764 1973 967 2052 periculorum
987 1977 1068 2036 curis

111 2077 149 2120 ne
164 2057 350 2119 luxuriarent
366 2059 426 2119 otio
442 2058 541 2127 animi,
558 2075 633 2135 quos
648 2064 743 2119 metus
758 2057 888 2120 hostium
899 2057 1067 2139 disciplina-

111 2161 169 2222 que
186 2141 320 2203 militaris
336 2143 538 2212 continuerat,
554 2142 685 2208 omnium
700 2144 830 2222 primum
844 2161 908 2204 rem
920 2142 957 2203 ad
968 2143 1066 2204 multi·

110 2227 244 2287 tudinem
260 2227 418 2304 inperitam
436 2233 465 2287 et
484 2224 543 2287 illis
560 2225 686 2288 saeculis
702 2226 808 2288 rudem
823 2227 1065 2298 efficacissimam,

111 2311 236 2372 deornm
247 2317 361 2372 metum
371 2310 553 2371 iniciendum
567 2317 649 2372 ratus
661 2316 713 2372 est.
740 2313 791 2388 qui
806 2329 874 2372 cum
884 2311 1067 2374 descendere
1085 2319 1102 2370 o

112 2395 147 2455 ad
161 2395 276 2456 animos
291 2395 355 2455 sine
374 2391 472 2471 aliquo
489 2400 653 2455 commento
670 2394 807 2455 miraculi
822 2412 883 2454 non
898 2406 1012 2474 posset,
1028 2397 1067 2456 si·

111 2476 203 2539 mulat
222 2475 280 2540 sibi
305 2495 373 2538 cnm
397 2477 450 2539 dea
470 2478 578 2556 Egeria
599 2495 777 2555 congressus
799 2486 962 2540 nocturnos
984 2498 1066 2547 esse:

112 2563 176 2624 eius
190 2580 223 2624 se
238 2563 359 2631 monitu,
376 2577 452 2640 quac
467 2563 672 2642 acceptissima
687 2563 743 2623 diis
759 2568 866 2631 essent,
884 2579 967 2623 sacra
983 2563 1067 2623 insti-

112 2654 211 2716 tuere,
225 2645 394 2708 sacerdotes
409 2664 478 2708 suos
496 2648 603 2725 cuique
620 2645 743 2707 deorum
758 2645 932 2724 praeficere.

175 2731 269 2808 Atque
288 2732 420 2791 omnium
434 2733 564 2809 primum
580 2731 618 2790 ad
628 2748 737 2792 cursus
752 2729 840 2792 lunae
861 2731 893 2790 in
907 2731 1064 2794 duodecim
1083 2731 1100 2782 6

111 2831 230 2876 menses
245 2813 389 2879 describit
403 2831 528 2882 annum;
544 2831 648 2890 quem,
665 2814 732 2889 quia
747 2816 878 2876 tricenos
890 2815 954 2878 dies
965 2817 1066 2895 singu·

111 2898 147 2962 lis
160 2897 314 2962 mensibus
329 2897 398 2960 luna
413 2916 474 2959 non
488 2897 595 2978 explet,
610 2897 774 2975 desuntque
790 2899 853 2960 dies
867 2898 962 2962 solido
977 2917 1064 2964 anno.

110 2985 161 3061 qui
182 2981 326 3046 solstitiali
347 2983 557 3060 circumagitur
577 2979 667 3053 orbe,
695 2981 891 3044 intercalariis
914 2983 1066 3045 mensibus

109 3066 336 3148 interponendis
358 3069 398 3128 ita
424 3067 619 3145 dispensavit,
640 3072 673 3127 ut
694 3066 833 3127 sicesimo
856 3084 933 3127 anno
950 3068 987 3128 ad
1004 3084 1066 3128 me·

110 3162 169 3213 tam
185 3151 311 3215 eandem
326 3150 406 3222 solis,
424 3150 503 3212 unde
519 3151 581 3212 orsi
597 3157 705 3220 essent,
720 3148 817 3227 plenis
830 3151 963 3210 omnium
974 3166 1066 3210 anuo·

110 3253 177 3297 rum
194 3237 297 3316 spatiis
312 3235 376 3299 dies
393 3241 601 3313 congruerent.
633 3233 713 3295 idem
727 3232 857 3294 nefastos
877 3233 941 3296 dies
961 3233 1065 3303 fastos·
1083 3235 1099 3284 7
1137 3255 1144 3266 ‘

111 3337 168 3398 que
183 3319 271 3390 tecit,
295 3321 363 3398 quia
377 3317 535 3396 aliquando
554 3316 629 3378 nihil
650 3335 718 3377 cum
733 3315 843 3396 populo
864 3318 911 3395 agi
929 3317 1002 3380 utile
1020 3317 1065 3378 lu·

112 3411 211 3465 turum
226 3411 298 3466 erat.

172 3489 233 3551 XX.
250 3488 325 3550 Tum
337 3488 539 3552 sacerdotibus
552 3487 688 3549 creandis
700 3485 830 3547 animum
839 3486 955 3557 adiecit,
963 3502 1065 3564 quam·
1086 3495 1212 3544 rw·-
