2580 3954
190 225 253 289 262
323 239 419 281 uranu
444 239 487 282 iv.
506 238 575 280 cnr.
591 227 635 282 58.
651 229 694 282 59·
724 213 766 298 [a.
781 236 811 277 u.
826 238 852 276 e.
868 225 928 280 aet.
945 215 1009 294 nte]

192 387 338 448 exercitus
357 386 488 449 subsidio
506 387 627 454 missus,
648 391 682 444 ut
701 381 738 442 ab
760 383 873 444 recenti
897 382 987 444 caedo
1006 380 1096 460 palati
1111 382 1152 444 ad

156 483 175 532 t
190 469 393 549 praedandum
405 470 505 532 hostes
517 469 765 548 opprimerentur.
797 465 940 526 tarditatis
954 481 1042 526 causa
1056 467 1088 525 iu
1101 485 1153 527 se·

191 567 261 613 natu
277 555 370 631 magis
387 553 442 613 fuit
455 570 543 630 quam
554 550 694 619 tribunis:
707 551 771 627 qui,
785 550 852 628 quia
864 566 978 611 summa
991 550 1019 608 vi
1033 555 1153 610 restare

190 636 416 707 nuntiabantur,
441 653 547 714 parum
567 635 769 711 cogitaverunt
788 631 869 693 nulla
890 634 997 694 rimute
1012 633 1151 712 superari

158 721 174 772 5
191 718 386 780 humanarum
402 721 508 780 virium
524 717 654 778 modum.
682 717 835 777 fortissimi
849 713 957 776 milites
972 732 1034 775 nou
1048 721 1150 776 tamen

79 855 94 873 ,,
191 819 248 863 uec
264 803 320 862 vivi
333 820 390 864 nec
404 810 473 881 post
487 809 614 862 mortem
630 799 716 860 inulti
729 798 823 860 luere.

102 875 177 939 Ἣ
251 885 421 962 Insequenti
442 902 519 947 anno
537 884 569 945 P.
592 891 621 943 ot
643 884 694 944 Cn.
711 881 855 944 Corneliis
878 882 975 944 Cossis
999 881 1034 944 N.
1055 881 1151 942 Fabio

189 967 330 1029 Ambusto
345 967 377 1028 L.
393 968 509 1029 Valerio
524 967 620 1028 Potito
641 963 768 1027 tribunis
784 964 910 1026 militum
929 964 1079 1026 consulari
1093 965 1149 1043 po·'

189 1057 291 1112 testate
313 1051 420 1112 Veiens
445 1049 556 1112 bellum
583 1057 695 1110 motum
721 1047 759 1108 ob
785 1048 947 1126 superbum
971 1066 1150 1126 responsum

156 1143 172 1192 7
190 1134 319 1196 Veientis
329 1141 465 1206 senatus,
489 1134 540 1211 qui
554 1133 658 1210 legatis
672 1131 875 1212 repetentibus
889 1149 952 1202 res,
973 1134 1006 1192 ni
1020 1130 1149 1192 lacesse-

189 1224 257 1278 rent
279 1235 409 1296 propere
430 1218 507 1280 mbe
529 1216 710 1296 finibusque,
743 1215 864 1277 daturos
890 1216 975 1293 quod
993 1215 1066 1276 bars
1089 1215 1148 1275 'lo-

155 1309 172 1360 8
189 1299 318 1362 lumuius
335 1301 477 1369 dedisset,
492 1300 668 1380 responderi
684 1300 777 1360 iussit.
806 1298 837 1359 id
851 1305 951 1377 patres
965 1315 1054 1376 aegre
1068 1300 1149 1377 passi

189 1383 364 1453 decrevere,
380 1391 412 1444 ut
426 1383 537 1444 tribuni
551 1382 678 1442 militum
694 1382 730 1443 de
749 1381 829 1442 bello
846 1382 1005 1444 indicendo
1019 1382 1148 1442 Veienti·

155 1476 172 1528 9
189 1465 245 1527 bus
256 1469 353 1544 primo
366 1482 484 1543 quoque
496 1468 543 1526 die
555 1467 591 1527 ad
602 1464 746 1544 populum
755 1465 878 1526 ferrent.
897 1464 976 1542 quod
987 1464 1040 1525 ubi
1050 1466 1149 1548 primo

189 1548 407 1626 promulgatum
423 1558 481 1618 est,
502 1549 633 1610 tremere
656 1549 791 1609 iuventus
815 1548 947 1609 nondum
968 1547 1148 1609 debellatum

189 1648 257 1691 oum
278 1629 391 1692 Volscis
411 1650 491 1702 esse,
514 1631 603 1692 modo
623 1632 683 1692 duo
705 1631 852 1709 praesidia
874 1631 1028 1693 occidione
1050 1632 1148 1691 accim

139 1722 172 1774 10
189 1721 219 1775 et
240 1731 308 1775 cum
330 1714 464 1792 periculo
485 1716 624 1784 retineri;
647 1713 761 1775 nullum
776 1731 886 1774 annum
909 1733 987 1784 esse,
1011 1731 1070 1792 quo
1086 1731 1148 1774 nou

188 1799 252 1858 acie
264 1797 434 1868 dimicetur,
451 1805 480 1860 et
492 1807 642 1876 tamquam
655 1798 804 1876 paeniteat
816 1796 945 1867 laboris,
960 1806 1069 1858 novum
1083 1795 1148 1857 bel·

187 1879 249 1939 lum
260 1897 328 1940 cum
339 1881 462 1941 finitimo
474 1880 584 1961 populo
596 1889 625 1944 et
633 1882 838 1960 potentissimo
845 1883 954 1960 parari,
967 1881 1018 1959 qui
1029 1897 1148 1942 omnem

139 1969 169 2020 11
187 1962 337 2024 Etruriam
352 1965 389 2024 sit
408 1967 615 2028 concitaturus.
650 1966 724 2027 baec
746 1983 799 2026 sua
819 1972 924 2043 sponte
946 1965 1052 2042 agitata
1066 1965 1148 2024 insu·

186 2063 242 2125 per
255 2045 368 2106 tribuni
382 2045 479 2125 plebis
498 2049 671 2110 accendunt
705 2048 866 2108 maximum
885 2047 997 2108 bellum
1011 2046 1148 2126 patribus

138 2135 170 2186 12
188 2147 256 2190 cum
270 2128 360 2207 plebe
377 2149 442 2192 esse
460 2132 607 2192 dictitant:
625 2150 690 2193 eam
705 2131 742 2193 de
756 2131 900 2192 industria
914 2131 1077 2192 vexandam
1090 2132 1147 2189 mi-

186 2211 248 2271 litia
262 2213 525 2290 trucidandamque
539 2214 675 2275 hostibus
690 2213 784 2284 obici,
801 2231 866 2275 eam
880 2214 985 2294 procul
1002 2213 1078 2275 urbe
1093 2212 1147 2274 ha·

186 2294 252 2356 beri
267 2302 354 2371 atque
371 2294 517 2373 ablegari,
540 2315 579 2358 ne
592 2297 674 2358 domi
689 2315 745 2374 per
765 2298 857 2359 otium
872 2315 986 2359 memor
1002 2296 1146 2357 libertatis

187 2376 429 2455 coloniarumque
444 2388 495 2439 aut
511 2381 575 2456 agri
589 2380 702 2458 publici
711 2385 768 2439 ‘aut
778 2379 910 2456 suffragii
923 2379 1018 2441 libere
1029 2379 1146 2440 ferendi

136 2474 169 2527 la
186 2459 309 2521 consilia
323 2463 421 2538 agitet.
454 2473 688 2540 prensantesque
708 2469 863 2523 veteranos
883 2463 1028 2540 stipendia
1047 2464 1145 2523 cuius·

186 2559 244 2620 que
260 2552 290 2605 et
302 2543 423 2605 volnera
438 2562 472 2604 ac
485 2547 637 2607 cicatrices
652 2544 862 2615 numerabant,
881 2547 951 2623 quid
967 2548 1025 2606 iam
1036 2548 1146 2623 integri

186 2635 264 2687 esset
281 2629 313 2686 in
335 2645 462 2704 corpore
484 2627 543 2689 loci
564 2629 601 2690 ad
621 2646 696 2690 nova
719 2627 839 2689 volnere
862 2629 1050 2708 accipienda,
1073 2628 1145 2706 quid

185 2727 276 2788 super
290 2712 456 2788 sanguims,
480 2713 531 2788 qui
545 2712 610 2773 dari
624 2730 680 2791 pro
694 2730 728 2773 re
743 2709 862 2790 publica
876 2719 993 2790 posset,
1013 2712 1144 2789 rogitan-

135 2813 169 2863 14
184 2801 238 2853 tes.
278 2793 352 2854 haec
376 2811 445 2855 cum
467 2796 498 2853 in
519 2795 707 2856 sermonibus
728 2794 974 2874 contionibusque
995 2795 1144 2856 interdum

186 2877 328 2952 agitantes
347 2878 521 2938 avertissent
539 2877 657 2956 plebem
681 2877 717 2940 ab
743 2879 931 2957 suscipiendo
953 2878 1048 2950 bello,
1072 2896 1143 2958 pro·

184 2958 279 3019 lertur
293 2966 410 3036 tempus
424 2959 567 3021 ferundae
584 2961 673 3038 legis,
697 2979 801 3040 quam,
824 2963 850 3024 si
870 2962 1000 3025 subiecta
1016 2963 1153 3025 invidiao'

185 3048 276 3111 esset,
293 3043 439 3120 antiquari
453 3044 623 3123 apparebat.

152 3139 166 3188 1
247 3124 319 3186 LlX.
348 3126 469 3188 lnterim
483 3127 619 3190 tribunos
633 3129 758 3190 militum
774 3132 806 3190 in
818 3129 956 3189 Volscum
969 3147 1075 3206 agrum
1089 3130 1142 3190 du·

185 3226 253 3270 cere
271 3212 432 3273 exercitum
453 3210 564 3290 placuit
570 3231 578 3281 ;
601 3212 652 3273 Gn.
668 3211 830 3275 Cornelius
844 3229 921 3274 unus
939 3211 1050 3274 Romae
1071 3211 1141 3274 relis

148 3309 167 3356 2
184 3299 257 3352 ctus.
284 3302 346 3354 tres
360 3292 487 3364 tribum,
505 3302 662 3373 postquam
677 3293 758 3355 nullo
776 3294 843 3356 loco
859 3302 956 3358 castra
967 3294 1143 3357 Volscorum

184 3392 249 3435 esse
265 3391 322 3435 noc
342 3378 552 3439 commissuros
568 3397 600 3439 se
622 3377 737 3456 proelio
761 3381 912 3457 apparuit,
931 3379 1078 3458 tripertito
1104 3379 1142 3440 ad

183 3455 377 3520 deuastandos
389 3459 464 3520 lines
478 3460 650 3522 discessere.
684 3460 818 3524 Valerius
832 3464 950 3526 Antium
963 3463 1051 3541 petit,
1069 3461 1141 3522 Cor·
