2580 3954
208 229 303 271 nmnn
319 229 368 274 111.
390 227 460 272 car.
476 220 521 278 33.
535 221 577 278 34.
601 208 640 291 [a.
657 211 713 272 Oh.
730 222 847 278 abs-451
863 213 954 292 (t5t)]
999 219 1060 282 157

100 380 168 450 cio,
192 379 261 456 quia
282 377 427 454 designati
442 375 577 439 consules
592 378 624 436 in
639 395 707 438 eum
726 394 836 439 anuum
853 379 984 452 fuerant,
1005 399 1061 460 pro

1 455 2 534 ζ
104 462 221 524 honore
235 461 332 522 honos
344 460 494 532 redditus,
509 467 538 522 et
552 460 662 531 Sestio,
684 459 769 522 alteri
784 461 938 524 consulum
952 466 1062 543 prioris

103 547 190 616 anni,
219 544 298 623 quod
324 562 389 606 eam
410 563 475 606 rem
495 542 608 622 collega
629 545 720 605 invito
741 544 778 605 ad
797 553 897 624 patres
910 546 1061 610 retulerat.

104 629 153 690 his
174 629 304 708 proximi
324 625 418 688 habiti
437 627 526 708 legati
540 635 617 699 tres,
641 628 693 705 qui
706 628 835 690 Athenas
849 630 961 701 ierant,
976 632 1063 693 simul
1079 637 1097 689 b

104 719 138 772 ut
158 729 213 790 pro
233 710 381 789 legatione
402 719 463 773 tam
482 711 623 790 loginqua
642 711 777 789 praemio
798 719 876 775 esset
890 712 1000 786 honos,
1022 717 1062 778 si·

101 795 167 855 mul
187 797 299 875 peritos
320 792 421 873 legum
442 796 668 875 peregrinarum
685 794 721 855 ad
738 795 892 858 condenda
908 815 982 859 nora
996 801 1079 862 iura

103 879 172 940 usui
187 878 252 940 lore
270 877 440 940 credebant.
470 877 645 958 supplevere
661 881 753 940 ceteri
770 896 937 942 nurnerum.
959 887 1098 961 graveac
1154 899 1157 906 ’

102 979 224 1040 quoque
252 968 346 1024 aetate
372 960 482 1024 electos
509 962 675 1024 normsimis
696 961 845 1042 suffragiis
863 963 979 1036 lerunt,
1004 983 1063 1044 quo

103 1047 203 1106 minus
217 1045 358 1107 ferociter
373 1045 499 1106 aliorum
514 1048 595 1125 scitis
610 1045 846 1108 adversarentur.
868 1050 1004 1126 regimen
1018 1057 1064 1111 to·
1081 1057 1098 1107 t

101 1130 163 1190 tius
186 1129 373 1206 magistratus
393 1148 486 1209 penes
501 1130 629 1209 Appium
644 1138 708 1191 erat
722 1129 822 1192 farore
838 1129 951 1209 plebis;
974 1133 1063 1196 adea·

102 1229 164 1290 que
180 1229 290 1274 novum
311 1211 370 1274 sibi
389 1215 542 1292 ingenium
556 1213 708 1283 induerat,
729 1219 763 1273 nt
777 1211 924 1293 plebicola
940 1223 1064 1296 repente

102 1298 261 1376 omnisque
275 1314 365 1358 aurae
381 1296 533 1376 popularis
548 1303 679 1375 captator
695 1296 833 1358 evaderet
843 1314 899 1375 pro
910 1302 987 1360 truci
999 1318 1063 1364 sao·

103 1395 201 1458 voque
216 1381 395 1443 insectatore
410 1379 516 1459 plebis

164 1464 295 1526 Decumo
316 1464 364 1526 die
381 1467 427 1526 ius
442 1463 552 1544 populo
568 1462 676 1543 singuli
689 1463 863 1527 reddebant.
897 1484 932 1528 eo
949 1467 997 1529 die
1011 1486 1063 1547 pe·
1081 1473 1101 1526 8

104 1566 159 1610 nes
175 1549 359 1628 praelectum
375 1550 449 1611 iuris
462 1549 557 1612 fasces
573 1547 728 1611 duodecim
743 1556 842 1620 erant,
861 1548 994 1630 conlegis
1009 1569 1063 1613 no·

103 1650 171 1694 vem
192 1631 301 1710 singuli
323 1634 441 1694 accensi
463 1631 655 1712 apparebant.
691 1635 772 1694 etin
793 1635 880 1694 unica
901 1635 1064 1698 concordia

103 1717 182 1778 iuter
201 1717 292 1794 ipsos,
307 1718 359 1793 qui
372 1733 534 1779 consensus
548 1717 670 1796 privatis
685 1716 835 1778 interdum
849 1717 962 1780 inutilis
977 1727 1064 1792 esset,

31 1807 42 1818 '
104 1817 218 1862 summa
234 1799 375 1862 adversus
389 1799 462 1862 alios
478 1802 610 1878 aequitas
628 1805 699 1862 erat
732 1799 945 1864 moderationis
959 1820 1064 1865 eorum
1081 1809 1098 1862 t

104 1888 312 1962 argumentum
331 1882 466 1962 exemplo
488 1885 577 1945 unius
596 1884 642 1944 rei
664 1890 782 1946 notasse
807 1885 877 1947 satis
899 1886 964 1947 erit.
996 1905 1065 1948 cum

103 1969 168 2029 sine
192 1968 403 2047 provocatione
428 1968 520 2030 creati
545 1973 651 2038 essent,
680 1966 798 2030 delesse
819 1968 962 2030 cadavere
985 1969 1065 2030 domi

104 2051 182 2130 apud
200 2051 344 2122 Sestium,
365 2052 506 2130 patriciae
521 2053 617 2129 gentis
631 2052 735 2122 vuum,
754 2053 873 2112 invento
887 2051 1065 2131 prolatoque

103 2137 135 2194 in
151 2136 329 2206 contionem,
344 2135 376 2194 in
391 2152 425 2196 rc
441 2137 520 2196 iuxta
534 2134 689 2196 manifesta
704 2141 793 2214 atque
813 2136 908 2196 atroci
926 2136 956 2198 C.
972 2136 1064 2198 lulius
1084 2149 1116 2200 lu
1168 2169 1171 2173 ·

13 2277 25 2299 ,
101 2219 253 2280 decemvir
269 2218 350 2279 diem
365 2218 460 2280 Sestio
477 2218 558 2290 dixit,
576 2225 605 2280 et
622 2225 775 2280 accusator
789 2218 826 2280 ad
835 2218 980 2298 populum
992 2222 1064 2282 exti-

103 2303 139 2362 tit
153 2303 237 2364 cuius
252 2303 298 2366 rei
314 2302 402 2364 iudex
415 2301 564 2380 legitimus
580 2308 653 2372 erat,
671 2303 857 2382 decessitque
872 2322 907 2367 ex
919 2305 985 2366 iure
999 2323 1063 2376 suo,

102 2392 137 2446 ut
151 2385 302 2464 demptum
316 2386 354 2448 de
369 2387 398 2445 vi
415 2388 602 2464 magistratus
621 2385 724 2464 populi
739 2385 868 2448 libertati
883 2387 1021 2450 adiceret.

65 2534 68 2536 ,
165 2468 291 2530 xxxiv.
325 2469 398 2532 Cum
415 2475 586 2549 promptum
600 2468 658 2530 hoo
673 2471 719 2530 ius
736 2469 815 2530 velut
830 2489 866 2531 ex
882 2470 1003 2532 oraculo
1018 2473 1064 2533 in„
1084 2479 1098 2533 1

102 2559 278 2631 corruptum
301 2556 413 2633 pariter
435 2551 471 2615 ab
493 2554 530 2614 iis
549 2554 657 2615 summi
676 2554 829 2632 infimique
852 2553 979 2626 ferrent,
1002 2561 1065 2616 tum

102 2634 219 2712 legibus
240 2637 403 2698 condendis
431 2654 521 2715 opera
551 2636 684 2698 dabatur.
717 2637 888 2714 ingentique
910 2637 1065 2699 hominum

103 2722 306 2797 expectatione
322 2722 484 2800 propositis
499 2721 603 2782 decem
618 2719 725 2781 tabulis
740 2719 883 2798 populum
899 2721 936 2782 ad
952 2723 1064 2784 contio·

103 2820 173 2863 nem
188 2803 418 2874 advocaverunt,
440 2812 484 2875 et,
507 2804 586 2880 quod
603 2802 715 2864 bonum
730 2805 857 2866 faustum
876 2805 1005 2883 felixque
1019 2807 1065 2868 rei
1082 2817 1098 2866 a

102 2884 242 2964 publicae
263 2889 335 2966 ipsis
353 2886 516 2965 liberisque
539 2905 642 2948 eorum
658 2895 749 2958 esset,
764 2889 809 2950 ire
825 2895 854 2950 et
868 2887 969 2967 legere
981 2889 1065 2969 leges
1126 2933 1128 2938 -

102 2970 272 3048 propositas
285 2972 408 3033 iussere.
431 2989 473 3041 se,
490 2977 630 3048 quantum
646 2970 748 3033 decem
763 2970 918 3033 hourlnum
936 2975 1065 3052 ingeniis
1083 2982 1099 3036 3

102 3051 256 3130 prouideri
282 3056 426 3132 potuerit,
456 3052 608 3124 omnibus,
639 3055 760 3116 summis
786 3055 969 3134 irrdmisque,
998 3059 1064 3118 iura

103 3152 264 3213 aequasse;
297 3135 364 3215 plus
394 3136 508 3216 pollere
537 3137 697 3198 multorum
726 3140 843 3217 ingenia
870 3138 1063 3217 consiliaque.

102 3226 255 3282 versarent
273 3221 305 3280 in
323 3221 429 3282 animis
443 3238 543 3283 secum
565 3239 802 3302 unamquamque
816 3241 896 3293 rem,
920 3225 1065 3300 agitarent
1082 3234 1099 3285 t

102 3301 210 3366 deinde
231 3303 418 3366 sermonibus
438 3311 526 3382 atque
545 3306 578 3366 in
596 3305 740 3376 medium,
764 3307 837 3385 quid
853 3309 885 3366 in
899 3324 1064 3386 quoquere

101 3383 169 3464 plus
184 3389 316 3452 minusve
338 3394 430 3460 esset,
447 3387 626 3451 conferrent.
656 3407 705 3452 eas
729 3389 810 3468 leges
824 3389 995 3452 habiturum
1010 3409 1063 3470 po·
1079 3403 1200 3472 haam,

100 3468 203 3549 pulum
218 3469 399 3544 Romanum,
423 3489 495 3552 quas
516 3490 677 3536 consensus
709 3475 840 3536 omnium
862 3492 921 3536 non
944 3475 1064 3538 iussisse
