2534 3956
268 179 362 220 ursus
378 179 420 222 vr.
444 177 514 220 cae.
530 171 555 222 1·
571 169 595 222 2.
621 157 659 240 [a
677 159 712 220 O.
726 170 776 225 389
792 161 882 242 (388)]
989 169 1050 234 313

100 332 283 406 opportuna,
303 330 336 384 ut
349 323 542 409 voluntariam
557 343 662 410 magna
678 343 747 408 pars
765 327 913 408 orpdppet,
933 329 1049 410 pappa.

99 411 149 471 xit.
181 411 385 486 interregnum
400 407 520 470 initum:
542 408 574 490 Ρ.
590 407 742 486 Cornelius
758 411 857 492 Scipip
874 412 1006 490 interreg
1020 419 1050 476 et
1066 423 1087 472 8

98 489 165 572 post
180 510 247 553 eum
259 489 296 569 ll.
309 489 417 552 Furius
429 487 575 573 Camillus.
590 479 725 572 [iterum]
738 494 763 556 is
776 493 913 572 tribunos
924 495 1050 570 militum

98 574 248 638 consulari
263 579 409 663 potestate
424 581 521 644 creat,
537 573 569 635 L.
582 574 731 654 Valerium
745 575 928 658 Publicolam
941 580 1050 658 iterum

97 659 129 802 1¹3·
148 658 319 742 Verginium
341 655 373 720 P·
395 655 563 740 torrium
586 659 619 742 t·
641 657 781 742 Marion
798 659 830 738 L·
846 661 1001 740 lemtim
1016 661 1048 738 L-

122 743 289 812 ostumiuur.

139 809 195 885 ¹¹Hi
211 817 245 886 ex'
260 819 432 900 interregno
448 841 516 884 oum
533 823 678 910 cntempla)
694 826 895 906 magistratum
915 829 1047 908 inissent,
1065 839 1086 890 t

97 908 177 970 nulla
192 909 228 970 de
251 925 284 971 re
303 909 386 988 prius
408 925 496 986 quatu
517 907 554 989 de
573 905 767 987 religionibus
787 916 923 989 senatum
943 929 1047 988 consu·
1126 940 1130 944 ·

96 992 188 1070 luere.
214 993 245 1052 in
256 992 360 1080 primis
371 980 490 1070 foedera
503 1009 537 1051 ao
549 989 629 1074 leges
646 1026 681 1036 —
699 997 783 1056 erant
794 999 892 1055 autem
908 1013 960 1057 eae
975 997 1047 1057 duo·
1066 1007 1104 1058 to

96 1074 194 1160 dreia
210 1074 328 1160 epulae
345 1080 373 1158 a
390 1059 535 1164 quaedam
548 1061 648 1158 retice
663 1074 744 1158 letes
767 1108 801 1120 ·-
821 1079 955 1156 cerreti
972 1096 1047 1158 oure

96 1159 294 1249 comparerent
309 1155 467 1238 iusserant.
496 1155 553 1219 alia
570 1175 607 1220 ex
622 1159 664 1224 eis
683 1157 760 1238 edita
778 1158 865 1237 etiam
883 1161 914 1236 iu
929 1161 1046 1242 relgus3

95 1260 170 1320 quac
185 1248 283 1313 autem
299 1237 335 1320 ad
354 1255 437 1324 saara
451 1239 653 1320 pertinebant,
670 1260 686 1300 a
706 1239 893 1320 pontificibus
912 1245 1046 1322 marimo,

94 1334 127 1386 ut
138 1318 281 1402 religione
295 1319 453 1406 obstrictoa
467 1321 613 1404 baberent
623 1323 819 1404 multitudinis
834 1327 962 1408 anirqaa,
978 1345 1047 1406 app-

94 1425 206 1488 pressa.
237 1413 299 1486 tum
317 1391 353 1466 de
369 1403 472 1488 diebus
487 1405 634 1486 religiosis
654 1408 759 1491 agitari
780 1414 934 1494 caeptum,
955 1410 1047 1485 diom-
1067 1423 1097 1476 n

95 1511 152 1571 que
164 1497 232 1554 ante
244 1489 322 1553 diem
335 1501 382 1571 qv
392 1481 449 1552 tal.
464 1489 587 1570 Sentiles
600 1489 711 1577 duplici
723 1489 805 1561 clade
819 1493 974 1570 insignem,
987 1511 1047 1574 quo

94 1576 143 1638 die
163 1571 200 1636 ad
219 1573 387 1652 Cremeram
401 1571 485 1644 Fabii
503 1575 598 1644 oaesi,
620 1592 677 1654 quo
696 1573 801 1654 deinde
818 1575 854 1636 ad
870 1575 965 1640 Aliam
979 1595 1047 1640 cum

94 1659 182 1720 exitio
199 1655 282 1720 urbis
297 1656 383 1725 foede
397 1662 574 1734 pugnatum,
589 1675 606 1720 a
644 1659 788 1730 osteriore
801 1657 884 1736 clade
899 1659 1048 1734 Aliensem

93 1739 294 1820 appellarunt,
311 1732 467 1816 insignem
489 1759 516 1802 rc
531 1741 608 1801 rein
625 1739 698 1817 Mlius
713 1739 831 1828 publice
850 1743 1047 1822 privatimque

94 1823 225 1902 agendae
236 1823 379 1883 iecerunt
405 1823 455 1899 qui
476 1841 539 1892 am,
557 1822 635 1902 quod
649 1823 793 1901 postridie
807 1823 874 1904 idus
886 1818 1047 1902 Quinctiles
1065 1833 1103 1884 12

92 1924 154 1969 non
181 1905 294 1968 litasset
319 1903 468 1983 Sulpicius
488 1905 624 1967 uibunus
646 1905 785 1990 militum,
807 1924 905 1994 neque
929 1910 1047 1974 inuenta

92 2009 167 2071 pace
179 1991 266 2070 deum
281 1993 349 2069 post
365 1989 442 2052 diem
453 1990 572 2068 tertium
585 1989 718 2067 obiectus
731 1989 809 2070 hasti
825 1993 972 2074 quaereitur
987 1991 1046 2056 Ro·

92 2092 198 2136 manus
214 2081 309 2144 esset,
327 2073 415 2134 etiam
436 2073 576 2151 postridie
594 2073 660 2152 idus
683 2071 773 2156 rebus
790 2071 897 2156 diripis¹
909 2092 1046 2159 superse·

93 2159 157 2220 deri
177 2158 304 2238 iussum3
326 2156 395 2217 inde
411 2164 445 2216 ut
458 2156 600 2234 postridie
623 2155 679 2217 kal.
697 2173 814 2237 quoque
836 2175 870 2234 ac
886 2173 979 2230 nones
998 2177 1044 2232 ea·

93 2241 160 2302 dem
176 2240 280 2318 religio
300 2247 392 2317 esset,
410 2240 549 2300 traditum
565 2245 678 2318 putant.

154 2324 190 2385 Π.
222 2319 283 2400 Nec
305 2323 356 2384 diu
377 2320 461 2402 licuit
476 2323 584 2404 quietis
606 2321 728 2402 consilia
750 2323 908 2402 erigendae
930 2343 964 2402 en
986 2330 1079 2386 tamt

92 2409 173 2486 gravi
188 2426 258 2468 casu
273 2409 318 2483 rei
335 2405 472 2486 publicae
487 2423 588 2486 secum
602 2407 722 2482 agitare.
756 2403 826 2470 binc
840 2405 954 2482 Vulsci,
966 2412 1045 2470 uete—
1063 2414 1084 2462 2·

91 2509 141 2552 res
152 2489 267 2559 hostes,
281 2491 317 2550 ad
330 2488 559 2565 extinguendum
570 2505 679 2548 nomeu
689 2487 855 2566 Romanum
867 2506 948 2553 arma
958 2506 1045 2568 oepe-

91 2579 174 2642 runt,
188 2573 258 2632 binc
273 2571 409 2632 Etruriae
425 2570 594 2652 principum
611 2588 646 2632 ex
658 2569 795 2632 omnibus
809 2569 926 2652 populis
944 2573 1045 2634 coniu-

92 2657 237 2716 rationem
253 2655 289 2715 de
301 2652 380 2714 bello
396 2652 431 2713 ad
441 2653 541 2730 sanum
555 2650 727 2715 Voltumnae
742 2653 851 2726 iactam
864 2659 1046 2716 mercatores

92 2737 278 2807 adferebant;
301 2755 394 2798 novus
419 2753 537 2815 quoque
561 2743 660 2797 terror
691 2742 857 2798 accesserat
881 2737 1085 2800 deiectionett

92 2823 264 2883 Latinorum
283 2821 555 2899 Hernicorumque,
580 2821 630 2900 qui
649 2827 717 2899 post
734 2837 864 2900 pugnam
888 2821 924 2882 ad
947 2820 1045 2881 lacum

91 2903 237 2984 Regillum
251 2904 357 2976 iactam
377 2921 431 2985 per
448 2921 540 2966 annos
554 2921 648 2982 prope
665 2910 784 2979 centum
799 2921 959 2984 numquam
983 2922 1044 2964 arn·

92 2988 180 3066 bigua
198 2987 255 3067 tide
278 2989 308 3047 in
327 2989 483 3072 amicitiam
503 2987 607 3066 populi
625 2987 751 3048 Romani
771 2987 897 3049 lucrant.
935 2988 1043 3066 itaque,
1062 2999 1081 3048 t

92 3089 161 3132 cum
176 3070 248 3131 tanti
266 3071 337 3131 undi
358 3090 396 3132 ue
417 3076 548 3132 terrores
570 3072 810 3148 circumstarent,
828 3078 1043 3150 appareretque

92 3154 230 3238 omnibus
240 3171 299 3238 uon
315 3089 382 3214 celio
397 3153 490 3214 solum
507 3154 584 3232 apud
599 3152 691 3215 hostis
706 3154 758 3215 sed
769 3158 939 3232 contemptu
957 3155 1044 3214 etiam

91 3241 170 3300 inter
184 3239 279 3316 socios
296 3255 404 3298 nomen
421 3237 585 3316 Romanum
604 3235 756 3316 laborare,
778 3235 888 3314 placuit
911 3236 1042 3312 eiusdem
1060 3244 1083 3294 5-

92 3323 229 3402 auspiciis
247 3317 363 3382 delendi
378 3340 441 3382 rem
463 3319 627 3402 publicam,
652 3321 736 3382 cuius
757 3325 931 3398 recuperata
955 3327 1040 3388 esset,

92 3405 323 3487 dictatoremque
345 3403 403 3466 dici
426 3403 462 3465 Μ,
488 3403 610 3467 Furium
632 3400 794 3465 Camillum.
824 3403 849 3464 is
869 3401 992 3464 dictator
1009 3402 1039 3464 (I.
1058 3410 1081 3461 o
