2534 3956
168 309 172 313 .
215 250 278 313 974
398 260 493 304 nmnn
507 263 538 304 v.
565 259 635 303 cue.
652 250 752 308 17.18.
782 239 866 323 [un.
884 236 988 322 e.-358]

182 423 196 474 t
277 408 363 471 xvii.
391 408 499 488 Ingens
511 407 582 470 inde
591 407 696 471 baberi
707 409 838 487 captivus
849 415 929 470 vates
941 415 1077 486 coeptus,
1090 426 1179 470 eum·

215 512 272 573 que
293 491 436 554 adhibere
458 490 570 552 tribuni
587 491 713 553 militum
727 491 881 554 Cornelius
894 491 1120 569 Postumiusque
1136 493 1178 552 ad

213 577 342 657 prodigii
356 575 461 636 Albani
474 578 714 653 procurationem
730 593 764 636 ac
778 575 849 636 deos
862 577 919 635 rite
930 573 1089 653 placandos
1103 593 1177 638 coe·

179 678 294 741 spere.
334 661 544 734 inventumque
564 659 683 720 tandem
704 665 762 728 est,
783 657 835 718 ubi
856 657 1002 720 neclectas
1027 659 1177 720 caerimo-

213 746 277 805 nias
299 744 536 804 intermissumve
558 739 701 803 sollemne
722 741 763 802 dii
782 749 957 819 arguerent,
975 739 1050 802 nihil
1070 743 1176 820 proie-

213 834 261 888 cto
277 826 356 888 aliud
372 843 437 887 esse
458 840 545 901 quarn
560 827 748 903 magistratus
763 826 833 884 vitio
855 832 970 887 creatos
985 825 1103 888 Latinas
1124 843 1175 886 sa·

178 921 356 987 uerumque
386 909 417 967 in
438 905 552 968 Albam
578 916 678 969 monte
697 925 759 968 non
783 909 840 970 rite
863 909 1046 988 concepisse.
1080 925 1174 970 unam

213 993 412 1072 expiationem
426 1007 530 1052 eorum
545 1007 624 1062 esse,
639 999 672 1052 ut
685 989 799 1051 tribuni
810 991 937 1052 rnilitum
952 991 1123 1053 abdicarent
1139 1012 1175 1054 se

212 1077 393 1154 magistratu,
407 1073 580 1152 auspiciade
589 1076 705 1153 integro
712 1082 917 1153 repeterentur
925 1083 954 1136 et
964 1077 1173 1153 interregnum

177 1161 346 1221 liniretur.
377 1175 411 1220 ea
433 1159 472 1218 ita
492 1158 655 1221 factasunt
676 1176 711 1220 ex
728 1164 847 1219 senatus
867 1157 1010 1220 consulto.
1042 1160 1173 1221 interre-

212 1261 264 1322 ges
276 1251 339 1306 tres
360 1243 501 1320 deinceps
514 1241 612 1312 luere,
633 1242 666 1303 b.
682 1240 816 1303 Valerius
836 1238 870 1311 Q.
885 1241 1025 1303 Servilius
1041 1241 1174 1305 Fidenas

177 1327 248 1388 old.
270 1327 378 1388 Furius
400 1324 546 1387 Camillus.
580 1343 741 1404 numquam
763 1326 889 1386 desitum
913 1326 1033 1387 interim
1052 1324 1172 1387 unbari

212 1412 329 1472 comitia
349 1406 604 1488 interpellantibus
622 1408 750 1470 trilrunis
768 1408 879 1487 plebis,
900 1407 997 1472 donec
1015 1411 1173 1471 convenis·

211 1500 256 1554 set
280 1495 378 1572 prius,
399 1495 433 1551 ut
455 1492 549 1551 maior
570 1510 640 1571 pars
663 1489 853 1553 tribunorum
876 1490 999 1555 militum
1024 1511 1059 1554 ex
1080 1491 1173 1572 plebe

211 1581 372 1637 crearetur.

176 1673 193 1725 o
274 1656 355 1729 Quae
377 1658 447 1720 dum
466 1666 609 1738 aguntur,
631 1658 756 1721 concilia
771 1661 908 1721 Etruriae
929 1659 965 1720 ad
983 1659 1084 1724 lanum
1099 1659 1171 1721 Vol-

210 1749 329 1804 tumnae
345 1741 463 1814 habita,
484 1741 759 1823 postulantibusque
774 1741 970 1822 Capenatibus
987 1761 1021 1804 ac
1034 1741 1169 1820 Faliscis,

209 1833 242 1885 ut
258 1828 345 1887 veios
359 1829 509 1887 communi
529 1828 626 1887 animo
641 1826 826 1905 consilioque
845 1844 948 1888 omnes
961 1826 1098 1888 Etruriae
1112 1845 1169 1905 po·

176 1926 191 1975 7
209 1909 272 1988 puli
293 1908 334 1970 ex'
349 1909 503 1972 obsidione
527 1912 694 1989 eriperent,
719 1926 896 1989 responsum
917 1917 961 1971 est
980 1917 1064 1972 antea
1083 1929 1116 1972 se
1136 1910 1168 1971 id
1258 1911 1259 1957 ἐ

210 1992 380 2054 Veientibus
402 2010 540 2072 negasse,
565 1995 649 2070 qnia,
673 1993 751 2056 unde
773 1992 928 2055 consillum
946 2011 1007 2056 non
1023 1994 1169 2072 petissent

166 2099 176 2120 ·-
210 2082 456 2155 superamare,
473 2075 613 2137 auxilium
627 2083 731 2155 petere
751 2094 811 2138 non
827 2075 985 2139 deberent:
1007 2094 1088 2138 nunc
1107 2078 1169 2138 iam

174 2177 264 2239 apro
284 2179 316 2221 se
335 2159 482 2220 inmunem
504 2176 588 2220 suam
608 2159 667 2220 illis
687 2176 807 2238 negare.
838 2161 964 2221 maxime
983 2161 1014 2220 in
1032 2178 1067 2220 ea
1080 2166 1168 2238 parte
1257 2185 1258 2190 ¹

209 2243 343 2303 Etruriae
365 2248 482 2318 gentem
509 2243 685 2302 invisitatam
712 2261 805 2304 novos
827 2243 943 2304 accolas
967 2243 1066 2306 Gades
1089 2262 1166 2326 esse,

209 2342 275 2385 cum
293 2323 400 2402 quibus
414 2342 471 2386 nec
485 2343 542 2404 pax
565 2327 635 2387 satis
652 2325 709 2386 lida
729 2344 786 2389 nec
804 2325 915 2388 bellum
936 2343 991 2405 pro
1014 2333 1096 2388 certo
1117 2329 1165 2388 sit.

174 2418 191 2470 u
209 2409 343 2486 sangnini
360 2416 458 2470 tamen
473 2409 645 2486 nominique
666 2417 694 2470 et
713 2409 917 2488 praesentibus
933 2409 1073 2488 periculis
1093 2428 1165 2471 corr·

208 2493 437 2570 sanguineorum
453 2493 484 2553 id
501 2493 580 2564 dari,
599 2501 644 2562 ut,
660 2495 747 2570 siqui
761 2494 918 2554 iuventutis
935 2512 1005 2556 suae
1017 2493 1166 2556 voluntate

162 2587 191 2638 tu
209 2577 245 2636 ad
260 2576 289 2636 id
304 2574 415 2636 bellum
427 2584 509 2646 eant,
526 2592 586 2636 non
597 2576 758 2654 inpediant
784 2594 852 2638 eum
861 2593 999 2655 magnum
1011 2577 1165 2640 advenisse

208 2659 334 2719 hostium
362 2675 518 2720 numerum
544 2660 621 2719 lama
641 2658 752 2721 Romae
782 2666 859 2727 crat;
889 2677 983 2738 eoque
1007 2663 1165 2723 mitescere
1255 2733 1256 2743 χ

208 2742 373 2803 discordiae
390 2743 544 2803 intestinae
559 2750 639 2803 metu
655 2743 817 2813 communi,
835 2749 869 2803 nt
881 2743 927 2813 lit,
943 2761 1078 2822 coepere.

175 2841 186 2890 1
267 2823 365 2885 XVlll.
391 2824 476 2884 Haud
487 2825 584 2886 inritis
598 2825 733 2904 patribus
743 2825 776 2886 P.
788 2825 934 2887 Licinium
946 2826 1062 2888 Callum
1075 2845 1163 2906 prae·

207 2909 336 2986 rogativa
352 2906 506 2967 tribunum
519 2907 643 2969 militnm
657 2927 718 2970 nnn
731 2916 880 2987 petentem
896 2918 1012 2981 creant,
1027 2910 1162 2972 modera-

206 2991 294 3052 tionis
310 2995 446 3069 expertae
463 2992 495 3050 in
514 2993 615 3070 priore
634 2995 805 3072 magistratu
826 2994 936 3064 virum,
959 3001 1089 3056 ceterum
1103 2995 1162 3055 iam

172 3083 267 3142 ntum
285 3080 404 3137 exactae
422 3077 539 3144 celatim
555 3093 717 3155 omnesque
731 3075 871 3156 deinceps
889 3093 924 3136 ex
942 3075 1066 3155 collegio
1084 3079 1162 3138 eius·

207 3161 273 3222 dcnr
296 3160 365 3220 anni
388 3160 470 3220 refici
491 3159 676 3238 apparebat,t
696 3159 729 3221 L.
752 3159 893 3220 'litinium
916 3159 950 3228 P.¹
967 3159 1104 3222 Maelium
1127 3161 1161 3232 Q.

205 3245 353 3304 Manlium
371 3243 421 3304 Cn.
443 3244 605 3306 Genucium
626 3243 658 3304 L.
682 3242 810 3304 Atilium.
851 3244 901 3322 qui
921 3243 1094 3322 priusquam
1113 3259 1161 3306 re·

206 3327 429 3395 nuntiarentur,
446 3328 512 3388 iure
526 3328 637 3388 vocatis
651 3325 788 3388 tribubus
802 3327 947 3406 permissu
959 3327 1116 3405 interregis
1127 3326 1160 3388 P.

172 3410 189 3467 3
206 3407 336 3471 Licinius
352 3408 455 3472 Calvus
471 3412 509 3469 ita
529 3409 618 3471 verba
640 3411 724 3472 fecit:
750 3428 858 3481 „omen
874 3411 1066 3479 concordiae,
1090 3407 1160 3478 Qui·
1252 3465 1253 3476 ,

207 3495 291 3564 rites,
307 3494 351 3554 rei
364 3493 489 3553 maxime
502 3495 533 3552 iu
547 3492 605 3554 hoc
616 3502 732 3573 tempus
743 3493 823 3566 utili,
837 3494 979 3556 memoria
994 3494 1087 3554 nostri
1099 3509 1160 3553 ma·
1252 3483 1253 3529 l
