2534 3956
341 212 437 252 arana
452 211 482 254 v.
509 211 581 255 cer.
597 202 642 258 47.
670 196 709 272 [a.
727 191 838 274 &3901
1007 199 1069 264 303

116 355 235 435 vestigio
254 364 353 418 notato
371 357 516 430 humano,
541 377 599 438 qua
621 361 743 420 nuntius
763 360 864 422 aVeis
883 347 1068 438 pervenerat,

114 459 167 502 seu
186 458 239 501 sua
257 449 364 520 sponte
385 443 587 504 animadverso
606 442 644 503 ad
666 443 830 505 Carmentis
852 447 923 504 saxo
944 461 1070 506 ascensu

1 526 2 529 ’
114 540 208 602 aequo
230 531 317 586 nocte
335 523 491 597 sublustri,
511 543 579 588 cum
591 527 688 605 primo
702 528 863 596 inermem,
878 527 931 605 qui
944 532 1069 605 tempta·

80 673 82 676 ,
113 614 160 668 ret
176 607 266 679 dam,
287 611 524 688 praemisissent,
549 610 699 674 uadentes
720 609 790 672 inde
809 628 906 680 arma,
927 608 979 670 ubi
998 609 1069 688 quid

113 691 208 768 iniqui
234 698 326 763 esset,
357 690 465 755 alterni
485 694 580 757 innixi
597 691 846 771 sublevantesque
867 695 899 754 ln
921 695 1015 754 vicem
1041 701 1070 755 et

113 773 263 838 trahentes
278 773 329 838 alii
342 775 430 845 alios,
450 775 720 855 -proutapostularet
733 775 832 848 loeus,
852 784 934 840 tanto
951 777 1068 838 silentio
1086 779 1103 828 3

112 860 144 918 in
158 875 306 922 summum
322 876 455 930 evasere,
475 866 579 922 utnon
591 858 730 927 custodes
744 859 839 920 solum
850 859 1001 930 fallerent,
1016 860 1070 922 sed

112 959 151 1003 ne
168 957 257 1004 canes
270 943 404 1020 quidem,
421 942 585 1007 sollicitum
599 943 711 1012 animal
730 943 769 1006 ad
784 951 946 1007 nocturnos
958 945 1069 1022 strepi-

111 1032 173 1096 tus,
196 1026 367 1090 excitarant.
400 1043 521 1088 anseres
537 1044 598 1087 non
614 1026 763 1096 fefellere,
788 1026 895 1104 quibus
916 1029 1007 1090 sacris
1021 1027 1103 1087 lu·4

110 1109 199 1170 nonis
214 1111 245 1172 in
260 1127 374 1173 summa
387 1110 487 1188 inopia
505 1109 565 1169 cibi
580 1117 678 1174 nmen
694 1108 904 1170 abstinebatur.
930 1129 1069 1189 quaeres

112 1191 200 1253 saluti
220 1193 290 1254 luit:
313 1209 446 1270 ,namque
470 1191 610 1269 clangore
637 1209 741 1259 eorum
760 1191 934 1271 alarumque
954 1195 1070 1272 crepitu

113 1275 225 1336 excitus
239 1275 278 1336 11.
295 1274 437 1345 lindius,
460 1277 511 1352 qui
527 1277 655 1338 triennio
677 1283 745 1338 ante
766 1274 871 1337 consul
892 1277 1003 1346 tuerat,
1025 1278 1071 1336 u'r

111 1356 190 1418 bello
206 1359 359 1436 egregius,
374 1360 465 1423 armis
477 1359 604 1437 arreptis
620 1357 708 1420 simul
719 1359 848 1420 adarnra
859 1361 1070 1424 oetareeciens

112 1440 206 1511 vadit,
222 1447 252 1502 et
262 1441 333 1504 dum
347 1442 439 1504 ceteri
449 1442 612 1520 trepidant,
630 1440 761 1513 Gallum,
775 1444 826 1520 qui
837 1443 896 1505 iam
911 1444 942 1503 in
953 1461 1069 1505 summo

113 1526 299 1596 constiterat,
315 1525 444 1593 umbone
458 1529 550 1588 ictum
562 1525 706 1588 deturbat.
737 1527 820 1588 cuius
837 1545 923 1589 casus
937 1525 1070 1606 prolapsi
1086 1531 1105 1582 5

114 1626 181 1669 eum
190 1610 343 1687 proximos
354 1617 521 1679 sterneret,
537 1609 720 1689 trepidantes
735 1609 808 1672 alios
820 1612 969 1688 unamque
980 1612 1069 1670 omis·

111 1693 153 1754 sis
164 1709 246 1763 saxa,
262 1693 369 1772 quibus
384 1693 601 1763 adhaerebant,
616 1692 753 1754 manibus
767 1693 918 1772 amplexos
932 1692 1067 1753 trucidat.

111 1776 230 1852 iamque
247 1783 276 1838 et
292 1776 342 1838 alii
357 1778 527 1854 congregati
543 1775 609 1838 telis
626 1775 846 1854 missilibusque
860 1778 937 1839 saxis
948 1783 1068 1857 protur-

110 1857 184 1920 bare
197 1857 313 1928 hostes,
328 1861 475 1936 ruinaque
488 1865 548 1919 tota
563 1858 702 1937 prolapsa
717 1863 796 1922 acies
811 1861 843 1920 in
857 1879 1003 1940 praeceps
1017 1859 1068 1923 de·

111 1941 194 2002 terri.
232 1941 332 2003 sedate
355 1942 461 2004 deinde
480 1941 608 2004 tumultu
624 1942 771 2021 reliquum
793 1945 905 2014 noetis,
928 1951 1104 2022 quantumo

113 2025 144 2083 in
167 2023 294 2086 turbatis
314 2023 463 2087 mentibus
482 2032 614 2104 potarat,
642 2043 710 2086 cum
737 2028 931 2104 praeteritum
949 2045 1069 2107 quoque

112 2105 280 2187 perieulum
296 2107 482 2178 sollicitaret,
498 2110 590 2188 quieti
604 2109 703 2170 datum
719 2117 772 2172 est.
802 2110 869 2171 lnce
885 2117 949 2172 orta
960 2113 1069 2172 vocatis
1085 2115 1103 2169 7

112 2189 238 2252 classico
251 2191 293 2251 ¹ad
308 2190 467 2260 concilium
480 2191 624 2254 militibus
639 2193 675 2252 ad
690 2193 841 2263 tribunos,
863 2211 932 2256 curn
946 2201 976 2256 et
988 2200 1070 2255 recte

1 2311 2 2356 3
113 2281 143 2335 et
162 2291 321 2352 perperam
344 2277 422 2336 iacto
441 2277 571 2355 pretium
595 2274 769 2346 deberetur,
793 2275 919 2339 Manlius
940 2279 1069 2357 primum

1 2365 2 2390 ³
112 2357 150 2418 ob
170 2360 307 2420 virtutem
328 2359 463 2420 laudatus
485 2359 670 2435 donatusque
692 2376 753 2420 non
772 2359 810 2421 ab
830 2359 958 2422 tribunis
974 2360 1069 2424 solum

112 2441 239 2504 militum
253 2442 307 2503 sad
322 2461 471 2504 consensu
485 2444 574 2503 etiam
583 2440 720 2508 militari;
736 2443 785 2502 cui
795 2443 932 2505 universi
946 2441 1070 2505 selibras
1087 2452 1104 2503 8

113 2525 201 2584 larris
218 2531 247 2585 et
261 2527 428 2600 quartarios
441 2525 501 2584 vini
512 2524 547 2583 ad
564 2523 652 2584 aedes
665 2524 744 2593 eius,
761 2539 835 2601 quae
850 2526 881 2586 in
896 2542 964 2586 arce
976 2533 1069 2595 erant,

113 2604 303 2667 contulerunt
317 2639 352 2650 —
373 2623 438 2666 rem
449 2605 531 2669 dictu
545 2623 682 2684 paruam,
699 2614 830 2668 cetarum
844 2608 944 2685 inopia
959 2607 1071 2668 iecerat
1164 2637 1166 2644 ·

113 2707 178 2751 eam
192 2696 398 2767 argumentum
418 2690 523 2766 ingens
544 2690 689 2759 caritatis,
705 2707 774 2754 cum
797 2708 829 2750 se
844 2691 970 2768 quisque
992 2692 1069 2751 rictu

113 2790 166 2834 suo
180 2772 320 2836 fraudans
341 2773 506 2834 detractum
521 2773 641 2850 corpori
662 2778 750 2850 atque
771 2771 874 2835 usibus
894 2775 1070 2836 necessariis

113 2857 150 2916 ad
164 2855 310 2917 honorem
330 2857 418 2919 unius
439 2856 494 2916 viri
517 2856 674 2918 conferret.
709 2863 772 2918 turn
794 2855 897 2934 vigiles
915 2858 979 2920 eius
999 2856 1068 2927 loci,
1086 2871 1103 2922 9

113 2957 172 3018 qua
188 2939 334 3001 fefellerat
348 2939 511 3006 ascendens
524 2939 634 3010 bostis,
659 2940 755 3008 citati;
777 2947 807 3002 et
828 2957 896 3002 cum
919 2943 950 3002 in
967 2958 1069 3002 omnes
1135 2993 1136 3000 ,

113 3040 196 3084 more
216 3023 336 3086 urilitmi
353 3042 389 3084 se
412 3023 684 3084 animadversurus
707 3020 740 3092 0.
763 3023 911 3101 Sulpicius
932 3023 1069 3084 uibunus

112 3105 239 3166 militurn
263 3108 499 3184 pronuntiasset,
521 3108 724 3170 consentiente
744 3105 874 3172 damone
894 3105 1020 3168 militum
1038 3107 1069 3164 in
1089 3114 1119 3164 ιο

112 3207 204 3252 unum
215 3189 332 3267 vigilem
344 3191 529 3251 coicientium
542 3189 658 3270 culpam
670 3190 828 3252 deterritus
838 3208 856 3250 a
867 3191 972 3252 ceteris
980 3187 1069 3250 absti-

1 3267 2 3322 1
113 3275 190 3343 nuit,
213 3290 300 3334 reum
314 3273 393 3334 haud
408 3272 530 3339 dubium
550 3276 613 3344 eius
635 3290 731 3338 noxae
748 3271 980 3352 adprobantibus
997 3289 1068 3334 curr-

1 3367 2 3376 ’
113 3359 168 3417 ctis
183 3356 220 3418 de
235 3375 305 3418 saxo
320 3357 436 3418 deiecit
465 3356 534 3417 inde
554 3357 728 3424 intentiores
749 3357 897 3433 utrimque
918 3355 1069 3418 custodiae
1088 3368 1117 3418 n

114 3457 193 3509 esse,
215 3445 245 3501 et
263 3439 340 3520 apud
357 3438 471 3510 Gallos,
487 3441 555 3518 quia
571 3438 719 3518 vulgatum
736 3447 798 3503 arat
811 3441 889 3501 inter
905 3440 992 3502 Veios
1010 3437 1069 3498 llo·
