2534 3956
197 205 258 270 262
417 217 511 260 nrnnn
527 217 557 262 v.
581 218 651 262 car.
667 209 693 265 6.
722 199 765 280 [a.
780 223 809 263 u.
827 223 852 262 c.
868 202 933 282 351]

75 411 81 420 x
197 368 320 432 bescant
334 365 484 446 prolecto,
504 368 608 444 siquis
623 367 665 428 eis
679 367 752 430 haec
769 367 892 439 obiciat,
916 367 1155 448 contendantque

199 459 228 514 et
242 453 347 514 animis
361 459 390 513 et
403 450 580 529 corporibus
594 451 656 511 suis
669 450 784 512 virilem
798 452 970 532 patientiam
984 452 1096 522 inesse,
1125 458 1155 514 et

198 555 230 600 se
249 537 329 596 iuxta
353 533 451 596 hieme
470 540 557 612 atque
576 540 686 595 aestate
706 533 783 596 bella
799 551 904 612 gerere
924 553 1027 613 posse,
1048 551 1104 597 nec
1120 553 1154 596 se

198 619 394 700 patrocinium
405 615 546 679 mollitiae
552 618 736 698 inertiaeque
742 617 1038 689 mandassetribunis,
1051 625 1080 680 et
1089 637 1152 680 me·

198 704 319 765 minlsse
329 702 406 764 banc
417 702 511 782 ipsam
527 707 701 779 potestatem
715 719 775 764 non
791 701 821 761 in
833 699 938 762 umbra
953 717 1008 762 nec
1023 702 1055 762 in
1067 703 1154 763 uotis

165 788 326 848 umaioros
352 803 421 848 suos
446 801 572 846 creasse.
607 783 682 845 haec
707 786 814 846 virtute
833 785 959 844 militum
977 791 1152 855 vestrorum,

198 870 271 932 haec
283 869 417 930 Romano
430 868 551 928 nomine
570 874 639 928 sunt
658 868 761 946 digna,
785 885 846 929 non
863 868 950 930 Veios
966 874 1080 929 tantum
1096 885 1154 928 nec

199 951 383 1014 bochellum
396 950 515 1021 intueri,
531 950 610 1028 quod
625 952 722 1021 instat,
737 951 790 1013 sed
800 950 908 1013 lamam
920 958 948 1014 et
959 951 995 1012 ad
1007 949 1064 1012 alia
1074 949 1155 1013 bella

166 1051 181 1099 7
200 1045 229 1099 et
242 1035 278 1098 ad
290 1041 404 1098 cetoros
417 1032 543 1113 populos
555 1035 585 1095 in
598 1041 751 1113 posterum
764 1052 919 1113 quaerere.
952 1052 989 1095 an
1002 1035 1155 1097 mediocre

199 1119 359 1182 discrimen
380 1119 527 1198 opinionis
547 1126 717 1196 secuturum
738 1138 774 1180 ex
789 1118 845 1180 hac
859 1119 1030 1198 reputatis,
1052 1125 1155 1180 utrum

199 1204 318 1265 tandem
345 1201 472 1264 finitumi
500 1201 643 1281 populum
664 1202 830 1263 Romanum
857 1221 925 1264 eum
954 1221 1019 1264 esse
1036 1209 1153 1280 putent,

200 1289 283 1350 cuins
294 1287 320 1348 si
331 1303 388 1365 qua
399 1284 471 1348 urbs
481 1287 610 1364 primum
622 1284 706 1346 illum
718 1293 747 1347 et
755 1284 921 1348 brevissimi
931 1285 1073 1366 temporis
1086 1304 1154 1347 sus·

165 1383 181 1433 8
199 1370 320 1433 tinuerit
338 1371 494 1450 impetum,
515 1367 588 1430 nibil
609 1369 716 1432 deinde
740 1370 855 1431 timeat:
881 1387 918 1431 an
933 1368 983 1429 hic
1001 1370 1038 1430 sit
1054 1375 1155 1430 terror

198 1455 326 1517 nominis
337 1454 445 1522 nostri,
462 1458 494 1512 ut
511 1455 671 1514 exercitum
685 1453 849 1514 Romanum
866 1471 926 1514 non
943 1453 1072 1514 taedium
1088 1451 1156 1513 lon·

199 1541 326 1618 ginquae
338 1537 572 1617 oppugnationis,
584 1554 645 1597 non
656 1537 698 1598 vis
708 1536 814 1598 hiemis
828 1537 863 1598 ab
874 1535 949 1599 urbe
960 1537 1156 1598 circumsessa

198 1619 290 1684 semel
307 1636 443 1682 amovere
460 1621 567 1699 possit,
589 1637 644 1681 nec
658 1620 747 1681 linem
762 1621 854 1682 ullum
868 1620 958 1682 alium
974 1618 1045 1682 belli
1065 1637 1157 1699 quam

200 1705 351 1766 victoriam
366 1705 495 1775 noverit,
510 1721 565 1765 nec
580 1705 692 1783 impetu
707 1705 805 1784 potius
818 1703 895 1766 bella
913 1721 1002 1783 quam
1016 1722 1155 1784 perseve-

166 1801 184 1853 9
200 1791 294 1851 rantia
313 1788 414 1866 geratl
445 1805 521 1866 quae
537 1788 567 1850 in
583 1789 664 1850 omni
681 1788 799 1866 quidem
813 1806 922 1866 genere
939 1787 1076 1859 militiae,
1092 1806 1156 1849 ma·

199 1874 277 1934 xime
288 1873 427 1936 tamenin
444 1871 614 1934 obsidendis
629 1871 754 1934 urbibus
769 1875 936 1935 necessaria
951 1880 1010 1944 est,
1027 1889 1157 1949 quarum
1264 1929 1265 1940 ,

199 1957 356 2038 plerasque
381 1955 594 2018 munitionibus
622 1975 657 2019 ac
678 1955 804 2019 naturali
824 1958 882 2018 situ
909 1955 1157 2036 inexpugnabiles

153 2047 183 2100 10
199 2041 277 2103 lame
293 2043 399 2118 sitique
419 2047 535 2120 tempus
554 2042 651 2120 ipsum
672 2042 761 2103 vincit
781 2049 868 2119 atque
891 2047 1055 2120 expugnat,
1078 2041 1157 2101 sicut
1263 2031 1264 2071 l

201 2125 286 2186 Veios
301 2124 493 2202 expugnabit,
513 2124 568 2185 nisi
584 2123 691 2184 auxilio
709 2123 843 2185 hostibus
853 2122 966 2184 tribuni
979 2122 1075 2202 plebis
1089 2123 1156 2184 luc·
1262 2155 1263 2177 r

200 2209 274 2277 rint,
292 2214 320 2268 el
334 2207 444 2266 Romae
455 2207 621 2267 invenerint
631 2207 777 2285 praesidia
792 2207 941 2278 Veientes,
959 2224 1034 2286 quae
1048 2207 1156 2284 nequi-
1261 2279 1262 2283 Ἰ

152 2297 180 2348 tl
201 2307 288 2368 quam
305 2291 337 2349 in
351 2289 470 2351 Etruria
485 2296 640 2366 quaerunt.
668 2309 705 2351 an
717 2297 761 2352 est
771 2292 942 2371 quicquam,
959 2290 1037 2368 quod
1047 2291 1156 2351 Veien-

200 2371 278 2434 tibus
301 2379 431 2452 optatnm
449 2390 542 2451 aeque
558 2375 730 2452 contingere
748 2376 855 2452 possit,
879 2392 967 2452 quam
982 2380 1014 2435 ut
1034 2373 1155 2434 seditio·

200 2455 288 2518 nibus
302 2458 432 2536 primum
452 2456 524 2518 urbs
538 2457 684 2528 Romana,
712 2456 817 2519 deinde
831 2457 910 2520 velut
926 2477 962 2519 ex
979 2458 1156 2534 contagione

150 2556 183 2606 12
201 2548 295 2602 castra
310 2539 506 2619 impleanturl
535 2546 564 2600 at
582 2538 703 2602 hercule
718 2541 797 2621 apud
810 2540 904 2604 hostis
918 2548 996 2603 tanta
1011 2541 1156 2602 modestia

201 2631 259 2694 est,
274 2630 307 2684 nt
317 2641 378 2685 non
390 2624 553 2685 obsidionis
563 2622 674 2695 taedio,
687 2643 747 2686 non
759 2625 887 2702 denique
898 2627 984 2704 regni
996 2626 1156 2704 quicquam

199 2708 276 2787 apud
295 2726 346 2770 eos
359 2714 496 2768 novatum
512 2708 563 2775 sit,
585 2724 644 2767 non
666 2717 770 2786 negata
785 2709 891 2770 auxilia
908 2709 944 2770 ab
961 2709 1092 2770 Etruscis
1108 2710 1156 2768 in·

151 2803 182 2857 ts
199 2792 351 2852 citaverint
371 2791 493 2851 animos.
531 2792 673 2852 morietur
700 2794 779 2854 enim
803 2793 951 2875 extemplo
976 2795 1156 2870 quicumque
1256 2811 1257 2815 ¹

200 2875 256 2934 erit
272 2873 424 2934 seditionis
435 2880 553 2944 auctor,
568 2892 624 2936 nec
640 2878 777 2956 cuiquam
787 2877 887 2940 dicere
900 2896 933 2939 ca
945 2875 1060 2947 licebit,
1076 2893 1156 2954 quae
1255 2887 1256 2921 l

151 2972 181 3022 tr
200 2956 277 3035 apud
297 2975 347 3018 vos
362 2958 474 3034 inpune
488 2956 634 3020 dicuntur.
668 2961 842 3023 fustuarium
856 2969 987 3024 meretur
1003 2961 1054 3039 qui
1069 2961 1155 3039 signa

198 3039 339 3118 relinquit
353 3047 402 3102 aul
414 3041 562 3120 praesidio
573 3042 703 3107 decedit:
726 3053 862 3108 auctores
871 3049 953 3125 signa
963 3043 1156 3121 relinquendi

199 3131 228 3185 et
242 3124 398 3187 deserendi
412 3132 507 3186 castra
523 3144 583 3187 non
602 3131 654 3188 uni
670 3137 719 3189 aut
734 3129 819 3190 alteri
836 3129 920 3190 militi
940 3128 993 3190 sed
1007 3128 1155 3189 universis

150 3217 180 3268 ιδ
199 3208 376 3270 exercitibus
389 3207 488 3288 palam
507 3211 539 3270 in
558 3213 695 3274 contione
716 3214 884 3276 audiuntur.
917 3213 991 3276 adeo
1008 3211 1155 3291 quidquid

196 3289 334 3354 tribunus
344 3290 424 3371 plebi
437 3292 582 3370 loquitur,
599 3301 629 3356 et
642 3297 668 3356 ei
678 3296 849 3374 prodendae
863 3300 976 3378 patriae
991 3294 1155 3359 dissolven-
1250 3353 1251 3378 ,

196 3373 309 3451 ducque
325 3377 369 3436 rei
383 3375 519 3455 publicae
536 3383 594 3447 est,
609 3379 750 3441 adsuestis
764 3383 857 3457 quieti
871 3382 990 3451 audire,
1009 3386 1038 3442 et
1052 3378 1156 3441 dulce·
1250 3379 1251 3453 l

196 3455 263 3517 dine
282 3459 434 3535 potestatis
450 3461 513 3520 eius
532 3462 609 3539 capti
626 3462 783 3542 quaelubet
803 3466 857 3527 sub
874 3483 907 3528 ea
925 3463 1039 3527 scelera
1059 3461 1157 3526 latere
1249 3473 1250 3559 l
