2534 3956
247 264 343 307 arena
358 263 389 306 v.
420 252 491 306 oar.
505 253 548 309 to.
564 253 607 308 3⁷.
636 243 680 324 [a.
698 242 733 306 O·
753 245 893 324 ³91.390]
988 247 1051 310 293

99 413 167 485 mn,
182 431 250 474 cum
266 418 334 473 ante
349 411 433 488 signa
449 409 644 473 Etruscorum
659 416 720 472 tres
735 408 910 470 nobilissimi
924 411 1050 473 fartissi-

99 497 196 574 mique
214 496 364 557 Romanae
385 495 544 556 inventurus
568 501 748 573 pugnarent:
769 500 882 553 tantum
902 494 1051 556 eminebat

98 581 255 659 peregrina
279 579 382 638 uirtus.
425 579 496 655 quin
522 580 609 639 etiam
632 573 665 645 Q.
693 577 802 638 Fabius
828 584 945 638 evectus
969 586 1084 640 exiret

99 665 190 725 aciem
207 680 282 742 equo
297 661 404 722 ducem
418 661 568 722 Gallorum
585 661 724 722 ferociter
740 662 771 721 in
787 663 850 738 ipsa
864 663 946 740 signa
961 662 1050 723 Etru-

1 739 2 774 ³
99 763 216 808 scorum
237 748 438 806 incursantem
462 761 517 822 per
535 743 612 805 latus
632 745 806 806 transituum
826 745 909 806 basta
927 746 1049 814 occidit3

99 828 250 908 spoliaque
276 830 339 890 eius
364 826 512 906 legentem
531 827 606 891 Galli
635 845 793 906 agnovere,
820 845 934 907 perque
960 837 1050 890 totam

99 913 191 975 aciem
204 911 370 973 Romanum
384 911 512 991 legatum
528 931 594 974 esse
612 914 729 990 signum
744 911 846 972 datum.
861 919 914 974 est.
943 915 1050 975 omissa
1067 929 1086 978 e
1193 975 1196 980 .

98 997 166 1058 rude
184 997 218 1056 ln
231 995 368 1059 Clusinos
390 997 434 1057 ira
459 995 593 1075 receptui
613 1002 722 1056 canunt
737 997 884 1059 minantes
897 996 1048 1058 Romanis.

98 1086 182 1142 erant
193 1078 403 1159 quiextemplo
413 1078 537 1140 Romam
555 1078 685 1139 cundum
700 1087 872 1148 censerent;
889 1081 986 1142 vicere
1004 1100 1050 1142 se·

99 1166 210 1233 niores,
232 1169 266 1224 ut
285 1162 375 1240 legati
386 1162 470 1240 prius
492 1162 680 1222 mitterentur
698 1167 835 1238 questum
851 1163 975 1224 iniurias
997 1181 1051 1243 po·

97 1245 311 1324 stulatumquc,
330 1251 362 1304 ut
380 1262 436 1323 pro
454 1247 520 1324 iure
535 1247 666 1322 gentium
680 1244 786 1304 violato
804 1243 888 1306 Fabii
907 1247 1051 1308 dederen-

98 1336 154 1390 tur.
194 1327 284 1405 legati
312 1326 463 1390 Gallorum
497 1346 564 1388 curn
602 1347 650 1399 ea,
683 1330 760 1389 sicut
787 1336 871 1389 erant
903 1330 1049 1400 mandata,
1067 1312 1197 1391 „s

98 1413 319 1491 exposuissent,
339 1413 455 1472 senatui
473 1429 530 1473 nec
550 1412 659 1472 lactum
680 1410 818 1491 placebat
830 1411 1005 1485 Fabiorum,
1023 1421 1052 1476 et

96 1497 143 1557 ius
159 1494 309 1575 postulare
325 1493 446 1556 barbari
460 1493 644 1556 videbantur.
678 1494 729 1558 sed
748 1512 786 1556 ne
805 1496 836 1557 id
851 1499 930 1575 quod
952 1498 1051 1577 place·

95 1587 148 1642 bat
158 1578 334 1642 decerneret
343 1579 375 1639 in
387 1584 485 1642 tantae
500 1577 660 1641 nobilitatis
671 1581 756 1648 viris,
772 1579 893 1641 ambitio
905 1581 1049 1644 obstabat.

95 1664 195 1742 itaque
210 1681 248 1725 ne
262 1680 355 1742 penes
371 1665 451 1742 ipsos
465 1662 551 1742 culpa
563 1670 641 1724 esset
652 1663 743 1724 cladis
756 1663 833 1724 forte
848 1663 960 1726 Gallico
971 1664 1050 1726 bello
1070 1675 1103 1728 tt)

97 1756 251 1825 acceptae,
268 1747 467 1825 cognitionem
478 1747 515 1807 de
526 1745 681 1824 postulatis
693 1745 845 1808 Gallorum
860 1747 897 1808 ad
908 1745 1052 1828 populum

96 1831 234 1892 reiciunt.
256 1829 309 1892 ubi
329 1836 412 1891 tanto
438 1829 504 1909 plus
526 1831 619 1906 gratia
644 1836 733 1907 atque
756 1849 827 1911 opes
853 1830 986 1903 valuere,
1008 1839 1049 1904 ut,

97 1931 225 1992 quorum
247 1913 283 1975 de
311 1929 407 1992 poena
437 1912 595 1990 agebatur,
619 1912 731 1973 tribuni
754 1911 879 1974 militum
902 1916 1051 1977 consulari

98 2003 242 2078 potestate
263 1997 294 2056 in
316 1999 521 2074 insequentem
540 2013 650 2057 annum
673 2004 856 2059 crearentur.
892 2015 950 2077 quo
973 2000 1050 2060 iacto
1070 2004 1100 2056 lt

96 2079 176 2142 haud
192 2097 279 2141 secus
288 2097 377 2160 quam
392 2081 513 2158 ‹ilgnum
528 2086 592 2142 erat
605 2080 714 2142 infensi
727 2080 804 2143 Galli
817 2079 928 2142 bollum
942 2101 1050 2162 propa·

96 2163 156 2224 lam
171 2164 315 2225 minantes
333 2164 370 2225 ad
387 2183 457 2226 suos
474 2163 608 2226 redeunt.
631 2163 743 2224 tribuni
765 2164 892 2226 militum
912 2183 980 2227 cum
997 2167 1049 2226 tri·
1070 2173 1101 2224 12
1144 2149 1176 2196 ¹

96 2247 153 2308 bus
169 2245 266 2308 Fabiis
282 2249 373 2309 creati
387 2245 420 2318 Q.
437 2245 583 2327 Sulpicius
602 2247 720 2326 Longus
736 2245 770 2316 Q.
790 2248 930 2312 Servilius
946 2255 1050 2329 quarto

98 2330 130 2392 P.
149 2330 302 2394 Cornelius
314 2330 533 2411 Maluginensis.
596 2327 599 2335 ’

162 2415 299 2477 XXXVII.
334 2417 406 2478 Cum
420 2422 500 2476 tanta
517 2415 610 2476 moles
623 2414 692 2475 mall
706 2416 831 2476 instaret
852 2448 887 2460 -
907 2417 980 2478 adeo
999 2416 1050 2478 ob·
1071 2419 1084 2468 1

98 2505 199 2560 caecat
210 2500 323 2559 animos
338 2499 473 2568 fortuna,
490 2497 543 2557 ubi
556 2499 613 2558 uim
628 2515 711 2558 suam
728 2499 916 2576 ingruentem
927 2499 1052 2578 refringi

97 2599 158 2642 non
172 2579 234 2640 vult
252 2613 301 2650 -,
321 2581 436 2651 civitas,
453 2597 528 2657 quae
545 2581 685 2643 adversus
699 2580 871 2642 Fidenatem
893 2598 927 2642 ac
945 2582 1050 2643 Veien-

1 2668 2 2721 l
97 2673 160 2726 tem
179 2665 294 2726 hostem
316 2663 448 2742 aliosque
469 2663 608 2744 linitimps
629 2662 756 2743 populos
777 2662 880 2724 ultima
893 2666 1050 2744 experiens

1 2771 2 2822 r
98 2747 206 2810 auxilia
221 2747 394 2809 dictatorem
411 2747 509 2809 multis
524 2746 747 2826 tempestatibus
770 2746 906 2820 dixisset,
931 2767 965 2811 ea
979 2754 1051 2808 tunc
1068 2757 1086 2806 t

97 2832 245 2892 invisitato
267 2837 354 2908 atque
376 2830 510 2906 inaudito
529 2830 614 2893 hoste
641 2829 677 2892 ab
693 2831 811 2893 Oceano
843 2836 1051 2910 terrarumque

99 2914 208 2976 ultimis
222 2917 282 2976 oris
295 2914 406 2976 bellum
421 2917 517 2978 ciente
532 2914 604 2974 nihil
620 2913 848 2977 extraordinarii
864 2916 983 2994 imperii
1001 2922 1051 2976 aut

99 2997 199 3060 auxilii
214 3001 366 3078 quaesivit.
395 2998 523 3070 tribuni,
539 3017 664 3078 quorum
674 3000 839 3060 temeritate
854 2997 966 3059 bellum
980 3017 1050 3059 con·
1069 3006 1086 3058 3

1 3117 2 3120 =
97 3089 226 3144 tractum
242 3088 319 3152 erat,
336 3099 467 3143 summae
482 3100 582 3143 rerum
601 3086 774 3161 praeerant,
792 3081 990 3159 dilectumque
1005 3083 1050 3140 ni-

98 3166 160 3228 hilo
172 3167 396 3237 accuratiorem,
408 3166 543 3244 quemad
555 3166 652 3227 media
662 3164 851 3226 bellahaberi
863 3164 965 3226 solitus
978 3172 1049 3235 erat,

100 3257 293 3313 extenuantes
311 3251 398 3311 etiam
417 3250 525 3310 lamam
539 3249 626 3320 belli,
640 3247 799 3310 habebant.
827 3249 947 3310 interim
965 3247 1048 3315 Galli,
1066 3251 1084 3300 4

98 3343 255 3416 postquam
278 3352 421 3414 accepere
445 3332 523 3394 ultro
544 3335 689 3395 honorem
708 3331 840 3392 habitum
859 3325 1051 3393 violatoribus

98 3421 173 3480 iuris
188 3420 310 3480 humani
324 3418 495 3496 elusamque
508 3415 687 3496 legationem
699 3433 782 3478 suam
796 3433 878 3486 esse,
892 3413 1050 3494 flagrantes

1 3541 2 3552 κ
98 3503 160 3574 lta,
177 3505 260 3565 cuns
275 3505 413 3584 inpotens
436 3506 481 3564 est
502 3519 590 3580 gens,
615 3499 768 3563 confestim
790 3499 881 3576 signis
905 3496 1051 3560 convulsis
