2534 3956
229 209 290 270 356
360 221 456 263 trane
474 222 516 264 vr,
547 221 617 262 cae.
632 211 677 264 41.
693 211 735 264 m.
771 200 854 282 [au.
872 200 981 282 addi]

228 368 380 432 volueritis
402 371 520 449 quidem
541 387 645 432 creare
665 367 814 430 interdum
836 368 985 447 poteritis,
1007 365 1084 430 istos
1102 368 1186 431 etiam

228 454 254 516 si
273 452 428 516 nolueritis
443 471 565 517 necesse
580 455 647 515 sit“.
1097 529 1101 538 .

197 547 214 596 4
291 537 353 608 „De
367 539 540 616 indignitate
555 537 625 599 satis
634 535 745 598 dictum
760 543 813 606 cst,
826 537 935 596 etenim
949 535 1077 613 dignitas
1088 535 1125 596 ad
1136 535 1188 595 ho·

228 623 323 684 mitres
336 623 479 702 pertinet:
497 620 616 698 quidde
631 617 827 698 religionibus
840 626 930 698 atque
941 620 1097 698 auspiciis,
1115 635 1188 696 quae

227 707 350 786 propria
364 706 489 768 deorum
507 703 710 766 inmortalium
725 704 904 782 contemptio
916 709 1003 781 atque
1016 703 1125 764 iniuria
1137 711 1189 772 est,

137 855 141 866 ,
226 789 352 868 loquari
375 790 515 868 auspiciis
536 789 614 849 hauc
636 787 743 849 urbem
767 787 916 848 conditam
943 805 1021 856 csso,
1050 787 1189 865 auspiciis

227 871 307 936 bello
324 891 358 934 ac
373 891 461 952 pace,
483 873 563 934 domi
576 870 757 949 militiaeque
771 871 869 932 omnia
889 871 970 948 geri,
994 871 1060 947 quis
1079 873 1191 948 estqui

192 961 208 1012 t
228 959 365 1034 ignoret?
385 973 479 1035 penes
495 973 569 1034 quos
585 957 675 1033 igitur
689 961 758 1016 sunt
773 956 902 1033 auspicia
926 971 1010 1015 more
1026 955 1191 1015 maiorum?

228 1057 336 1118 nempe
357 1056 451 1119 penos
472 1046 582 1119 patres.
619 1055 688 1100 nam
708 1036 842 1117 plebeius
864 1037 983 1117 quidem
1003 1039 1192 1116 magistratus

159 1146 161 1150 ·
193 1129 210 1182 u
228 1121 328 1185 nullus
344 1125 496 1204 auspicato
515 1128 650 1184 creatur:
677 1121 763 1184 nobis
781 1122 855 1183 adeo
870 1123 992 1201 proprio
1009 1129 1077 1183 sunt
1092 1122 1191 1200 auspi·
1227 1163 1228 1190 ,

229 1209 289 1278 cia,
306 1215 413 1268 utnon
428 1206 524 1268 solum
540 1223 615 1284 quos
632 1203 760 1285 populus
778 1213 860 1267 creat
877 1207 1018 1284 patricios
1035 1207 1192 1284 magistra·
1227 1223 1228 1228 ¹

229 1298 276 1352 tus
291 1308 352 1351 non
369 1289 456 1352 aliter
472 1307 560 1369 quam
576 1291 727 1368 auspicato
745 1297 841 1361 creet,
857 1289 909 1352 sed
926 1307 981 1350 nos
999 1307 1118 1368 quoque
1135 1291 1193 1369 ipsi

228 1375 293 1435 sine
309 1375 448 1452 suffragio
469 1373 572 1452 populi
592 1375 741 1452 auspicato
765 1376 946 1451 interregem
965 1374 1144 1452 prodamus,
1165 1380 1194 1434 et

228 1459 366 1537 privatim
382 1459 511 1537 auspicia
522 1457 699 1528 habeamus,
716 1474 791 1534 quae
802 1459 851 1519 isti
865 1475 904 1518 ne
922 1459 953 1517 in
968 1457 1192 1536 magistratibus

195 1551 209 1599 7
230 1541 349 1618 quidem
368 1540 488 1603 habeut.
517 1541 587 1618 quid
608 1542 697 1618 igitur
718 1539 797 1602 aliud
816 1558 905 1619 quam
919 1540 996 1602 tollit
1016 1559 1051 1603 ex
1072 1542 1193 1601 civitate

229 1625 374 1702 auspicia,
397 1627 448 1702 qui
470 1623 603 1703 plebeios
624 1623 761 1686 consules
783 1625 911 1685 creando
934 1623 1115 1704 apatribus,
1143 1626 1193 1701 qui

194 1717 211 1768 8
228 1707 284 1769 soli
295 1727 329 1770 ea
343 1707 455 1770 habere
469 1715 609 1786 possunt,
626 1708 740 1769 aufert?
757 1707 876 1770 eludant
890 1725 970 1770 nunc
986 1707 1055 1770 lieet
1069 1706 1193 1786 religio·

227 1807 296 1852 nes:
322 1792 392 1870 quid
414 1795 493 1854 enim
510 1799 568 1862 est,
590 1791 704 1871 sipulli
722 1809 783 1852 non
808 1803 985 1872 pascentur,
1007 1809 1033 1854 st
1050 1811 1086 1854 ex
1101 1810 1193 1852 cavea

228 1875 341 1936 tardius
358 1877 498 1946 exierint,
514 1878 540 1937 si
555 1877 735 1937 occecinerit
750 1876 829 1937 avis?
843 1893 934 1956 parva
948 1883 1016 1938 stunt
1031 1876 1121 1944 haec,
1142 1876 1193 1936 sed

227 1975 317 2036 parva
328 1959 383 2020 ista
395 1976 455 2019 non
471 1959 690 2020 contemnendo
704 1961 831 2021 maiores
844 1961 933 2021 vestri
943 1962 1101 2020 maximam
1112 1958 1194 2020 hanc

193 2057 209 2109 9
226 2059 291 2103 rem
310 2041 462 2103 iecerunt:
480 2060 560 2104 nunc
572 2061 641 2112 nos,
657 2050 807 2121 tamquam
818 2045 876 2104 iam
892 2042 965 2104 nibil
981 2061 1054 2122 pace
1065 2042 1194 2103 deorum

228 2141 303 2203 opus
321 2126 371 2196 sit,
388 2143 491 2188 omnes
509 2128 705 2188 caerimonias
721 2125 891 2205 polluimus.
920 2125 1007 2205 vulgo
1025 2143 1097 2204 ergo
1113 2143 1193 2204 pon·

227 2208 321 2270 cilices
338 2225 465 2286 augtues
479 2207 740 2285 sacrificuli-'reges
756 2217 912 2280 creentur,
939 2209 1060 2272 cuilibet
1074 2211 1193 2288 apicem

228 2289 349 2359 dialem,
366 2286 527 2347 dummodo
541 2285 631 2347 bomo
643 2290 694 2359 sit,
710 2293 902 2371 inponamus,
920 2294 1070 2354 tradamus
1082 2293 1194 2354 ancilia

179 2385 209 2437 ιο
226 2370 390 2452 penetralia
408 2370 479 2431 deos
499 2370 683 2448 deorumque
701 2391 802 2435 curam
819 2376 927 2455 quibus
948 2377 1032 2440 nefas
1047 2385 1104 2442 est;
1128 2391 1194 2433 non

226 2455 308 2532 leges
328 2454 479 2532 auspicato
497 2455 646 2524 ferantur,
670 2471 730 2513 uon
751 2461 937 2535 magistratus
955 2467 1109 2528 creentur,
1133 2475 1193 2517 nec

228 2537 398 2598 centuriatis
427 2555 484 2598 nec
510 2539 630 2599 curiatis
657 2539 783 2598 comitiis
808 2537 1076 2615 patresucrctores
1101 2537 1192 2598 flant:

228 2621 344 2681 Sextius
364 2628 393 2682 et
410 2620 541 2682 Licinius
558 2629 707 2699 uniquam
728 2620 871 2682 Romulus
895 2639 929 2682 ac
945 2622 1045 2682 Tatius
1060 2624 1091 2680 in
1111 2621 1194 2682 urbe

226 2703 358 2764 Romana
375 2712 518 2782 regnent,
535 2707 602 2783 quia
619 2705 760 2783 pecunias
777 2703 903 2775 alienas,
921 2707 989 2782 quia
1007 2721 1094 2782 agros
1110 2704 1194 2764 dono

180 2803 207 2852 11
228 2787 311 2848 dant:
329 2793 408 2849 tanta
427 2787 551 2849 dulcedo
568 2796 611 2850 est
624 2807 660 2849 ex
676 2788 780 2849 alienis
794 2788 922 2850 fortunis
937 2789 1115 2867 praedandi,
1134 2807 1194 2849 nec

227 2872 259 2930 iu
280 2877 410 2932 mentem
433 2873 512 2933 venit
535 2871 626 2934 altera
651 2871 716 2949 lege
737 2870 913 2934 solitudines·
932 2877 1027 2933 vastas
1054 2873 1085 2931 in
1109 2875 1194 2950 agris

227 2953 293 3013 ileri
304 2952 442 3030 pellendo
454 2954 563 3016 tinibus
579 2955 727 3026 dominos,
743 2955 835 3016 altera
851 2955 940 3017 fidem
951 2954 1104 3033 abrogari,
1121 2973 1193 3015 cum

182 3048 210 3099 lt
229 3054 286 3114 qua
301 3039 396 3098 omnis
411 3036 539 3100 bunrana
553 3040 680 3100 societas
694 3037 816 3100 tollitur.
845 3041 977 3099 omnium
988 3055 1089 3100 rerum
1101 3055 1192 3098 causa

227 3119 310 3181 vobis
331 3121 525 3198 antiquandas
546 3140 652 3184 censeo
675 3125 747 3184 istas
771 3124 950 3200 rogationes.
983 3121 1061 3200 quod
1082 3121 1191 3190 faxitis,

229 3204 300 3266 deos
316 3205 400 3266 veum
416 3206 600 3268 lortnnare“.

197 3299 211 3350 t
293 3287 377 3349 XLll.
412 3289 512 3350 Oratio
534 3291 609 3368 Appi
632 3291 669 3351 ad
685 3291 714 3351 id
729 3291 818 3352 modo
835 3288 940 3362 valuit,
962 3298 996 3350 ut
1010 3297 1125 3368 tempus
1141 3305 1191 3346 ro-

194 3384 212 3432 2
230 3373 380 3448 gutierrum
395 3371 592 3434 iubendarum
606 3375 800 3454 proferretur.
816 3375 923 3435 relecti
939 3374 1095 3436 decumum
1112 3371 1191 3431 idem

230 3451 358 3524 tribtmi,
384 3457 499 3518 Sextius
517 3465 546 3517 et
565 3457 712 3528 Licinius,
735 3457 772 3519 de
789 3458 966 3520 decemviris
982 3471 1135 3519 sacrorum
1157 3472 1189 3514 ex
