2534 3956
651 120 667 150 1

209 243 274 309 258
413 259 508 300 arnna
523 258 556 332 ¹v.
574 255 643 300 car.
659 249 685 301 2.
700 251 725 304 3.
759 237 797 320 [a.
813 258 842 298 u.
861 259 887 298 c.
902 236 965 319 ast]

210 427 273 470 non
286 408 376 469 luisse
392 424 430 468 ne
444 409 475 467 in
495 415 561 468 octo
579 407 697 484 quidem
713 405 841 468 tribunis
857 404 981 466 militum
996 403 1096 466 locum
1113 406 1169 470 ulli

157 507 196 560 ,ιο
211 491 339 571 plebeio.
376 498 461 552 antea
478 493 555 551 trina
578 489 643 551 loca
658 508 725 550 cum
743 491 930 550 contentione
945 506 1058 550 summa
1072 493 1168 567 patri·

213 578 274 637 cios
293 572 412 652 explere
426 572 542 642 solitos,
561 575 713 634 nunciam
727 575 878 650 octoiuges
893 573 929 632 ad
946 573 1070 650 imperia
1088 572 1168 634 obti-

211 659 310 720 nenda
323 660 383 726 ire,
400 664 428 718 et
442 675 480 718 ne
494 657 525 716 in
535 656 622 717 turba
634 657 753 734 quidem
763 655 888 717 haerere
901 653 1051 734 plebeium
1062 673 1167 732 quem·
1263 700 1264 724 1

160 751 193 820 ,¹¹
213 759 315 821 quam,
334 743 398 817 qui,
422 741 447 801 si
464 739 537 799 nihil
553 739 648 810 aliud,
673 740 828 800 admoneat
844 737 985 816 collegas,
1007 737 1117 800 liberos
1136 750 1168 800 et

212 827 291 886 cives
313 841 416 885 eorum
433 840 493 882 non
509 840 608 883 servos
629 822 772 892 militare,
797 840 870 899 quos
892 822 991 882 hieme
1010 821 1113 883 saltem
1134 824 1168 882 in

160 919 195 968 12
212 909 316 969 domos
337 924 371 966 ac
386 913 463 966 tecta
479 906 582 966 reduci
605 913 752 984 oporteat,
775 916 803 967 ot
821 905 919 982 aliquo
940 913 1074 984 tempore
1095 908 1168 964 anni

210 997 349 1070 parentes
379 986 548 1066 liberosque
574 1007 608 1048 ac
631 991 772 1068 coniuges
792 990 933 1057 invisere,
964 996 993 1048 et
1020 1005 1168 1066 usurpare

161 1084 194 1137 13
210 1073 393 1141 libertatem,
415 1079 444 1132 et
464 1090 567 1133 creare
587 1075 780 1151 magistratus.
812 1073 891 1132 Haec
907 1069 1034 1150 taliaque
1056 1072 1168 1132 vocife-

210 1163 311 1218 rantes
322 1155 522 1216 adrersarium
536 1156 615 1216 haud
631 1159 763 1234 inparem
775 1158 854 1216 nacti
868 1161 936 1216 sunt
945 1154 998 1232 Ap.
1012 1153 1169 1216 Claudium

210 1241 347 1302 relictum
367 1257 383 1299 a
405 1238 526 1316 collegis
547 1240 584 1299 ad
608 1239 780 1299 tribunicias
802 1239 961 1300 seditiones
976 1239 1167 1316 conprimen·
1263 1273 1264 1312 t

211 1324 278 1391 das,
291 1325 386 1382 virum
401 1320 536 1382 inbutum
550 1325 609 1383 iem
627 1320 663 1381 ab
683 1323 798 1382 iuventa
812 1319 1021 1382 certaminibus
1041 1319 1163 1398 plebeis,
1263 1327 1264 1376 t

163 1412 194 1465 14
211 1424 299 1485 quem
315 1412 465 1464 auctorem
480 1404 592 1482 aliquot
612 1407 696 1465 annis
711 1411 778 1465 ante
799 1405 889 1465 luisse
910 1412 1105 1464 memoratum
1122 1413 1168 1466 est

209 1507 265 1567 per
280 1487 460 1564 collegarum
474 1489 715 1548 intercessionem
737 1486 913 1548 tribuniciae
933 1489 1083 1564 potestatis
1103 1487 1165 1549 dis-

176 1667 192 1716 t
209 1569 444 1742 8οινΙθΙΙΙιῗὶῗξῑιιηᾎ
457 1653 516 1712 iam
533 1670 593 1713 non
606 1663 759 1732 promptus
774 1656 894 1732 ingenio
910 1590 1023 1715 tamtum
1038 1655 1090 1715 sed
1109 1673 1164 1714 usu

174 1740 299 1800 aetiam
322 1737 498 1798 exercitatus
519 1736 607 1798 talem
629 1739 793 1798 orationem
811 1737 929 1804 habuit:
960 1739 1005 1808 „si
1024 1755 1165 1814 umquam

211 1819 375 1882 dubitatum
388 1827 440 1888 est,
458 1816 595 1890 Quirites,
609 1829 709 1880 utrmn
723 1819 835 1881 tribuni
845 1819 941 1900 plebis
952 1827 1048 1882 vestra
1062 1835 1100 1880 an
1111 1839 1164 1881 sua

211 1921 299 1964 causa
310 1902 487 1964 seditionum
500 1921 618 1982 semper
629 1910 765 1965 auctores
774 1904 941 1974 luerint‚id
953 1923 1007 1982 ego
1018 1903 1075 1964 hoc
1085 1921 1163 1964 anno
1263 1909 1264 1912 ’

175 1997 192 2049 a
210 1988 322 2050 desisse
338 1984 465 2045 dubitari
476 1994 589 2047 certum
599 1985 704 2048 habeo.
725 1993 754 2048 et
765 2005 832 2047 cum
846 1985 940 2049 laetor
952 1987 1072 2048 tandem
1081 1987 1164 2064 longi

211 2072 323 2132 erroris
337 2067 424 2130 vobis
438 2069 528 2129 tinem
541 2069 649 2130 iactum
664 2089 743 2141 esse,
763 2079 840 2142 tum,
863 2070 943 2148 quod
957 2072 1095 2132 secundis
1109 2089 1163 2148 po-

211 2155 355 2215 tissimum
375 2153 479 2214 vestris
500 2151 590 2213 rebus
610 2153 659 2215 bic
683 2171 767 2215 error
795 2163 839 2214 est
858 2153 1004 2224 sublatus,
1032 2162 1061 2216 et
1079 2151 1164 2214 vobis

176 2255 193 2302 4
211 2243 240 2298 et
260 2243 384 2314 propter
403 2253 454 2294 vos
471 2237 516 2294 rei
537 2234 672 2312 publicae
694 2237 834 2316 gratador.
874 2255 912 2297 an
936 2245 981 2298 est
996 2238 1164 2317 quisquam,

210 2321 261 2396 qui
289 2315 403 2378 dubitet
429 2315 518 2378 nullis
547 2319 663 2380 iniuriis
689 2322 809 2390 vestris,
844 2320 869 2381 si
896 2337 973 2396 qnae
1008 2320 1084 2380 forte
1109 2319 1163 2379 ali·

90 2454 109 2484 ,1
210 2401 329 2480 quando
356 2401 542 2472 inciderunt,
569 2420 708 2480 umquam
728 2419 820 2480 aeque
848 2419 936 2481 quam
961 2421 1085 2464 munere
1108 2421 1161 2481 pa·
1263 2421 1264 2426 ¹

209 2494 289 2546 trum
309 2486 341 2544 in
368 2483 503 2564 plebem,
525 2502 592 2545 cum
611 2504 679 2547 aera
701 2484 893 2547 militantibus
914 2488 1069 2548 constituta
1084 2495 1163 2558 sum,

174 2567 346 2630 cumanos
377 2558 473 2648 plebis
497 2568 624 2630 offensos
650 2587 684 2640 ae
705 2571 864 2631 concitatos
887 2571 970 2631 essei
998 2570 1068 2646 quid
1096 2567 1165 2631 illos

210 2651 289 2713 aliud
305 2658 355 2712 aut
368 2659 430 2711 tum
444 2652 575 2712 timuisse
590 2653 709 2715 creditis
722 2659 773 2712 aut
784 2653 872 2715 hodie
884 2651 1007 2714 turbare
1017 2651 1091 2714 velle
1106 2654 1164 2713 nisi

210 2734 401 2796 concordiam
418 2735 570 2804 ordinum,
598 2753 685 2812 quam
703 2735 904 2798 dissolvendae
919 2753 1055 2796 maxumo
1068 2734 1164 2795 tribu·

174 2823 193 2876 6
209 2820 306 2880 niciae
323 2819 474 2897 potestatis
490 2825 592 2878 rentur
616 2819 698 2880 esset
724 2821 766 2879 sic
784 2819 906 2882 hercule
927 2828 1074 2897 tamquam
1092 2819 1163 2877 arti·

210 2902 282 2961 fices
292 2898 412 2979 inprobi
428 2917 502 2977 opus
517 2909 676 2976 quaerunt,
698 2904 807 2981 quippe
822 2920 940 2983 semper
954 2903 1036 2980 aegri
1051 2899 1162 2977 aliquid
1263 2899 1264 2906 ’

211 3002 277 3046 esse
300 2984 331 3043 in
352 2980 520 3059 republica
536 2981 651 3055 volunt,
673 2993 706 3044 ut
721 2987 773 3055 sit,
795 2986 831 3047 ad
848 2989 931 3048 cuius
945 2987 1128 3047 curationem
1146 3003 1163 3044 a
1263 2995 1264 3012 ¹

209 3066 294 3128 vobis
314 3064 517 3127 adhibeantur.
551 3073 649 3126 utrum
670 3069 749 3128 enim
766 3068 921 3130 defenditis
939 3087 976 3130 an
993 3069 1163 3148 inpugnatis

176 3149 347 3230 'tplebeml
375 3156 475 3210 utrum
495 3150 681 3211 militantium
701 3150 860 3212 adversarii
886 3154 955 3214 estis
976 3171 1013 3214 an
1041 3169 1163 3214 causam

211 3233 315 3311 agitis?
337 3235 396 3293 nisi
411 3233 487 3295 sorte
504 3232 561 3294 hoc
575 3234 687 3304 dicitis,
707 3234 850 3311 quidquid
862 3244 961 3316 patres
975 3237 1086 3295 iaciunt
1100 3235 1162 3294 dis-

175 3313 317 3395 oplicet,
338 3317 397 3377 sive
420 3315 493 3375 illud
516 3334 571 3394 pro
591 3316 678 3396 plebe
700 3319 760 3379 sive
781 3324 885 3379 contra
909 3318 1026 3397 plebem
1048 3325 1101 3380 est
1132 3325 1164 3378 et

210 3399 482 3474 quemadmodum
498 3417 565 3459 cum
581 3403 673 3462 servis
688 3402 749 3462 suis
765 3410 863 3462 vetant
878 3403 989 3462 domini
1003 3403 1161 3477 quicquam

208 3480 256 3541 rei
274 3477 369 3560 [cum]
389 3480 492 3542 alienis
507 3481 674 3546 hominibus
694 3503 757 3546 esse
764 3531 777 3555 ,‚
786 3485 957 3564 pariterque
968 3487 999 3544 in
1015 3485 1052 3544 iis
1067 3481 1163 3544 bene·
