2534 3956
211 242 275 305 294
386 255 481 298 erese
497 255 527 298 v.
560 253 630 297 one.
646 245 690 302 et.
707 245 751 300 38.
782 235 868 314 [uu.
884 236 990 318 ceddi]

178 417 194 468 o
213 406 299 466 citato
315 405 430 482 agmine
451 405 508 466 iter
528 402 746 482 ingrediuntur.
778 403 815 466 ad
830 421 958 481 quorum
970 415 1172 483 praetereun-

212 489 284 550 tium
301 489 409 566 raptim
422 486 579 550 tumultum
592 505 660 548 cum
671 488 829 549 extemitee
843 485 936 548 urbes
948 488 984 548 ad
999 506 1083 550 arma
1095 507 1170 552 con·

211 577 368 634 currerent
381 572 509 650 iugaque
524 571 684 649 agrestium
698 571 798 640 fieret,
815 569 939 632 Romam
950 588 982 632 se
998 573 1046 636 ire
1058 591 1169 651 magno

211 654 341 717 clamore
367 653 586 732 significabant,
613 671 801 732 quecumque
829 653 917 716 bant»
931 657 1020 735 equis
1035 657 1171 736 virisque
1254 698 1259 717 .

176 739 298 818 elonge
314 757 348 800 ac
363 738 421 800 lete
437 739 502 800 iuso
517 739 635 816 ngnrine
650 740 819 800 inmensum
832 736 999 800 obtinentes
1013 737 1082 801 leci.
1114 741 1169 802 sed
1260 737 1261 756 ³

211 823 403 884 antecedente
433 823 511 883 tuma
537 822 707 901 nuntiisque
727 820 915 884 Clusinorum
938 822 1078 902 deinceps
1096 825 1169 884 inde

210 905 334 967 aliorum
356 904 535 983 populorum
556 904 718 984 plurimum
739 905 864 966 terroris
882 905 1007 966 Romam
1028 905 1168 970 celeritas

177 995 192 1044 t
210 989 340 1052 hostiurn
364 987 445 1058 tulit,
470 989 581 1068 quippe
598 987 706 1067 quibus
728 987 811 1050 uelut
824 988 1016 1051 tumultuario
1033 993 1170 1054 exercitu

210 1073 318 1150 raptim
332 1071 526 1150 duetoaegre
538 1073 574 1133 ad
588 1071 627 1134 xt
642 1070 775 1151 lapidem
787 1087 946 1134 occursum
962 1079 1023 1145 est,
1040 1091 1104 1152 qua
1110 1075 1170 1136 llu-

210 1174 278 1218 men
292 1155 372 1227 Alia,
395 1157 590 1218 Crustuminis
604 1154 755 1217 montibus
768 1155 901 1234 praealto
921 1157 1054 1219 defluens
1072 1157 1170 1230 alveo,

176 1240 289 1302 ahaud
313 1239 438 1302 multum
457 1240 534 1300 inira
555 1242 635 1300 viam
650 1237 793 1300 'liberino
813 1241 892 1300 amni
920 1241 1069 1302 miscetur.
1106 1242 1170 1304 iarn
1260 1303 1261 1308 ,

210 1325 308 1385 omnia
327 1330 430 1385 contra
449 1324 589 1403 circaque
609 1323 738 1384 hostium
757 1321 845 1402 plena
869 1331 970 1394 erent,
996 1330 1027 1385 et
1046 1330 1117 1386 nata
1136 1326 1170 1386 in
1260 1315 1261 1358 ³

209 1425 299 1469 vanos
310 1405 453 1468 tumultus
469 1424 541 1484 gens
556 1408 634 1467 truci
645 1413 733 1468 centu
745 1404 983 1487 clamoribusque
995 1409 1083 1469 variis
1093 1407 1167 1470 hor·

209 1491 302 1552 rende
320 1496 426 1550 cuncta
441 1490 652 1568 conpleverunt
664 1507 748 1552 sono.

175 1588 188 1639 t
270 1569 422 1635 xxxvtii.
459 1573 504 1633 lbi
528 1573 639 1634 tribuni
660 1574 786 1654 militum
807 1591 872 1634 non·
889 1571 954 1634 loco
976 1574 1079 1634 castris
1096 1583 1169 1638 ante

210 1665 310 1735 capto,
332 1673 392 1716 non
414 1659 599 1736 praemunito
623 1657 713 1728 vallo,
743 1675 801 1737 quo
824 1663 969 1736 receptus·
987 1663 1079 1727 esset,
1103 1676 1169 1720 uon

209 1739 333 1804 deorum
344 1739 463 1811 saltem,
478 1744 504 1802 si
515 1740 752 1811 nonhominum·,
762 1757 926 1811 memores,
943 1758 1000 1802 nec
1010 1743 1167 1820 amptceto
1260 1763 1261 1772 ¹

209 1841 264 1886 nec
285 1824 371 1884 litato
388 1826 538 1886 instruunt
557 1826 650 1886 aciem
671 1824 819 1886 diductam
842 1826 874 1884 in
896 1841 1023 1895 cornua,
1045 1843 1084 1888 ne
1105 1829 1167 1886 cir·

174 1909 371 1976 eoumveniri
392 1907 579 1970 multitudine
599 1907 728 1969 hostium
747 1913 877 1987 possent.
914 1923 970 1969 nec
990 1915 1088 1970 temen
1116 1929 1165 1972 ae·

211 1992 294 2070 qumi
308 1993 421 2054 frontes
436 1998 588 2071 poterent,
611 2010 679 2052 cum
696 1991 880 2053 extenuando
902 1991 1049 2054 infirmum
1072 2002 1102 2054 et
1119 1995 1166 2054 u'x

209 2074 417 2138 cohaerentem
443 2077 569 2138 mediam
591 2077 685 2136 eciem
709 2073 863 2137 haberent.
899 2074 1021 2154 paulum
1042 2083 1107 2136 eret
1128 2076 1167 2137 ab

208 2158 331 2222 dextera
341 2158 496 2228 editiloci,
513 2175 600 2236 quem
612 2158 796 2220 subsidiariis
810 2157 922 2237 repleri
929 2157 1053 2237 placuit;
1069 2177 1167 2237 eetpre

207 2261 256 2305 res
272 2250 305 2303 ut
318 2243 434 2302 initium
450 2243 567 2321 pavoris
590 2260 624 2303 ao
643 2240 731 2319 iugae
746 2243 791 2303 sic
808 2259 868 2303 rma
890 2239 969 2303 salus
982 2241 1167 2318 fugientibus
1259 2277 1260 2289 κ

174 2333 190 2385 3
207 2326 269 2386 fuit.
296 2343 365 2386 nam
376 2325 513 2386 Brennus
524 2325 643 2403 regulus
653 2324 819 2394 Gallorum,
835 2325 1166 2403 inpaucitatelrostium

205 2415 301 2470 artem
317 2409 442 2471 maxime
458 2411 580 2479 timens,
597 2413 680 2468 ratus
694 2408 776 2468 adid
794 2415 911 2486 ceptum
921 2409 1107 2488 superiorem
1118 2408 1166 2470 lo·

207 2511 290 2563 cum,
305 2499 352 2564 ut,
370 2491 424 2553 ubi
434 2491 511 2554 Gelli
525 2509 593 2553 cum
605 2493 667 2553 acie
678 2489 829 2569 legionum
843 2499 931 2554 recta
940 2492 1042 2554 fronte
1052 2509 1166 2554 concu-

207 2577 385 2646 currissent,
416 2575 546 2637 subsidia
568 2577 600 2636 in
618 2593 736 2636 aversos
756 2581 998 2654 transversosque
1019 2577 1167 2655 impetum
1258 2603 1259 2623 2

207 2661 327 2730 darent,
347 2659 384 2720 ed
401 2659 592 2720 srrbsidiaries
609 2660 692 2737 signa
708 2659 866 2728 convertit,
881 2660 907 2720 si
923 2677 973 2720 eos
988 2658 1166 2738 looosdepu·

172 2742 302 2815 elisseo,
320 2743 397 2805 haud
415 2742 522 2804 dubius
539 2742 656 2805 facilem
671 2741 810 2821 iriaeque
827 2743 925 2822 campi
944 2748 1058 2804 tantuma
1073 2761 1166 2822 supe·

206 2829 283 2910 renti
298 2826 485 2888 multitudine
498 2827 650 2888 victoriam
666 2827 738 2888 lore.
766 2825 839 2888 adeo
853 2843 915 2887 non
936 2826 1056 2888 iorurna
1072 2828 1166 2889 mmo

172 2912 189 2963 o
206 2910 258 2972 sed
280 2911 353 2969 ratio
375 2910 461 2970 etiam
480 2925 548 2971 emar
562 2909 697 2971 barbaris
714 2908 818 2970 stabat„
848 2911 879 2970 in
892 2909 985 2971 altera
1007 2911 1070 2971 acie
1088 2910 1165 2972 nihil

207 2992 301 3054 simile
318 2993 472 3064 Romanis,
495 3011 556 3055 non
572 2993 650 3073 apud
665 2994 769 3060 duces.
794 3011 854 3053 non
872 2994 952 3072 apud
963 2993 1071 3055 milites
1087 3001 1164 3055 erat

206 3093 295 3157 pavor
311 3077 437 3156 iugoque
454 3083 649 3158 occupauerat
665 3078 778 3138 animos
796 3083 827 3138 et
840 3083 920 3138 tanta
936 3078 1071 3146 omnium,
1086 3075 1164 3138 obli·

206 3163 268 3231 vio,
294 3167 328 3220 ut
349 3159 443 3222 multo
457 3163 550 3222 maior
564 3177 634 3240 pars
647 3161 735 3220 Veios
751 3161 782 3220 in
801 3158 931 3222 hostium
950 3159 1072 3229 urbem,
1092 3177 1165 3222 cum

206 3243 321 3305 Tiberis
341 3252 469 3315 arceret,
493 3263 580 3323 quam
596 3250 678 3306 recto
698 3243 804 3306 itinere
819 3243 944 3305 Romam
961 3244 999 3305 ad
1019 3245 1164 3322 coniuges

173 3330 240 3387 tac
263 3326 374 3388 liberos
402 3328 548 3406 lugerent.
582 3344 742 3406 parumper
768 3326 960 3390 subsidiarios
984 3333 1096 3389 tutatus
1116 3334 1165 3390 est

205 3408 302 3469 locus:
318 3411 349 3470 in
363 3409 476 3488 reliqua
489 3413 552 3473 acie
566 3410 655 3472 simul
669 3417 713 3472 est
727 3409 839 3472 clemen
853 3413 997 3491 proximis
1007 3410 1044 3472 ab
1056 3408 1163 3482 latere,

207 3490 316 3553 ultimis
340 3491 376 3552 ab
398 3498 480 3572 tergo
508 3495 638 3562 eraditus,
667 3496 800 3572 ignotum
822 3495 937 3556 hostem
959 3497 1043 3574 prius
1063 3511 1163 3574 paene
