<?xml version="1.0" encoding="UTF-8"?>
<!DOCTYPE html PUBLIC "-//W3C//DTD XHTML 1.0 Transitional//EN"
    "http://www.w3.org/TR/xhtml1/DTD/xhtml1-transitional.dtd">
<html xmlns="http://www.w3.org/1999/xhtml" xml:lang="en" lang="en">
 <head>
  <title>
</title>
<meta http-equiv="Content-Type" content="text/html;charset=utf-8" />
  <meta name='ocr-system' content='tesseract 3.04.00' />
  <meta name='ocr-capabilities' content='ocr_page ocr_carea ocr_par ocr_line ocrx_word'/>
</head>
<body>
  <div class='ocr_page' id='page_1' title='image "./aburbeconditali01rossgoog_0285.png"; bbox 0 0 2572 3956; ppageno 0'>
   <div class='ocr_carea' id='block_1_1' title="bbox 327 161 1105 240">
    <p class='ocr_par' dir='ltr' id='par_1_1' title="bbox 327 161 1105 240">
     <span class='ocr_line' id='line_1_1' title="bbox 327 161 1105 240; baseline 0.013 -22"><span class='ocrx_word' id='word_1_1' title='bbox 327 179 423 219; x_wconf 77' lang='lat' dir='ltr'><strong>nruun</strong></span> <span class='ocrx_word' id='word_1_2' title='bbox 440 179 487 218; x_wconf 87' lang='lat'>111.</span> <span class='ocrx_word' id='word_1_3' title='bbox 515 178 585 222; x_wconf 77' lang='lat' dir='ltr'><strong>cnr.</strong></span> <span class='ocrx_word' id='word_1_4' title='bbox 604 173 647 226; x_wconf 86' lang='lat'><strong>19.</strong></span> <span class='ocrx_word' id='word_1_5' title='bbox 665 171 708 227; x_wconf 74' lang='lat'><strong>20.</strong></span> <span class='ocrx_word' id='word_1_6' title='bbox 736 161 775 238; x_wconf 81' lang='lat' dir='ltr'><strong>[a.</strong></span> <span class='ocrx_word' id='word_1_7' title='bbox 793 163 848 223; x_wconf 82' lang='lat' dir='ltr'><strong>ch.</strong></span> <span class='ocrx_word' id='word_1_8' title='bbox 863 167 927 240; x_wconf 80' lang='lat'><strong>460]</strong></span> <span class='ocrx_word' id='word_1_9' title='bbox 1044 168 1105 230; x_wconf 83' lang='lat'><strong>145</strong></span> 
     </span>
    </p>
   </div>
   <div class='ocr_carea' id='block_1_2' title="bbox 144 325 1223 3574">
    <p class='ocr_par' dir='ltr' id='par_1_2' title="bbox 146 325 1159 739">
     <span class='ocr_line' id='line_1_2' title="bbox 148 325 1105 406; baseline 0.002 -17"><span class='ocrx_word' id='word_1_10' title='bbox 148 329 216 406; x_wconf 87' lang='lat' dir='ltr'><strong>quis</strong></span> <span class='ocrx_word' id='word_1_11' title='bbox 234 325 332 388; x_wconf 78' lang='lat' dir='ltr'><strong>erbis</strong></span> <span class='ocrx_word' id='word_1_12' title='bbox 348 325 467 387; x_wconf 85' lang='lat' dir='ltr'><strong>domurn</strong></span> <span class='ocrx_word' id='word_1_13' title='bbox 482 344 565 388; x_wconf 88' lang='lat' dir='ltr'><strong>suam</strong></span> <span class='ocrx_word' id='word_1_14' title='bbox 581 326 731 388; x_wconf 84' lang='lat' dir='ltr'><strong>obsessam</strong></span> <span class='ocrx_word' id='word_1_15' title='bbox 747 347 764 388; x_wconf 92' lang='lat' dir='ltr'><strong>a</strong></span> <span class='ocrx_word' id='word_1_16' title='bbox 777 327 887 388; x_wconf 74' lang='lat' dir='ltr'><strong>inutilia</strong></span> <span class='ocrx_word' id='word_1_17' title='bbox 902 337 1014 390; x_wconf 89' lang='lat' dir='ltr'><strong>armata</strong></span> <span class='ocrx_word' id='word_1_18' title='bbox 1028 347 1105 391; x_wconf 92' lang='lat' dir='ltr'><strong>nun·</strong></span> 
     </span>
     <span class='ocr_line' id='line_1_3' title="bbox 147 410 1159 492; baseline 0.002 -20"><span class='ocrx_word' id='word_1_19' title='bbox 147 415 249 482; x_wconf 83' lang='lat' dir='ltr'><strong>tieret,</strong></span> <span class='ocrx_word' id='word_1_20' title='bbox 282 410 438 472; x_wconf 80' lang='lat' dir='ltr'><strong>ferendum</strong></span> <span class='ocrx_word' id='word_1_21' title='bbox 467 410 606 471; x_wconf 84' lang='lat' dir='ltr'><strong>auxilium</strong></span> <span class='ocrx_word' id='word_1_22' title='bbox 630 413 789 488; x_wconf 87' lang='lat' dir='ltr'><strong>putaretis;</strong></span> <span class='ocrx_word' id='word_1_23' title='bbox 821 410 952 490; x_wconf 90' lang='lat' dir='ltr'><strong>luppiter</strong></span> <span class='ocrx_word' id='word_1_24' title='bbox 978 415 1105 492; x_wconf 86' lang='lat' dir='ltr'><strong>optimus</strong></span> <span class='ocrx_word' id='word_1_25' title='bbox 1124 422 1159 474; x_wconf 79' lang='grc' dir='ltr'><strong>ιο</strong></span> 
     </span>
     <span class='ocr_line' id='line_1_4' title="bbox 147 491 1106 572; baseline 0.003 -18"><span class='ocrx_word' id='word_1_26' title='bbox 147 497 293 555; x_wconf 84' lang='lat' dir='ltr'><strong>maximus</strong></span> <span class='ocrx_word' id='word_1_27' title='bbox 319 491 437 554; x_wconf 88' lang='lat' dir='ltr'><strong>exulum</strong></span> <span class='ocrx_word' id='word_1_28' title='bbox 463 502 550 571; x_wconf 89' lang='lat' dir='ltr'><strong>atque</strong></span> <span class='ocrx_word' id='word_1_29' title='bbox 579 511 733 554; x_wconf 89' lang='lat' dir='ltr'><strong>servorum</strong></span> <span class='ocrx_word' id='word_1_30' title='bbox 761 502 879 572; x_wconf 89' lang='lat' dir='ltr'><strong>saeptus</strong></span> <span class='ocrx_word' id='word_1_31' title='bbox 905 499 996 557; x_wconf 87' lang='lat' dir='ltr'><strong>armis</strong></span> <span class='ocrx_word' id='word_1_32' title='bbox 1024 495 1106 557; x_wconf 88' lang='lat' dir='ltr'><strong>nulla</strong></span> 
     </span>
     <span class='ocr_line' id='line_1_5' title="bbox 147 577 1106 656; baseline 0.002 -18"><span class='ocrx_word' id='word_1_33' title='bbox 147 579 278 638; x_wconf 87' lang='lat' dir='ltr'><strong>humana</strong></span> <span class='ocrx_word' id='word_1_34' title='bbox 299 595 356 656; x_wconf 92' lang='lat' dir='ltr'><strong>ope</strong></span> <span class='ocrx_word' id='word_1_35' title='bbox 377 577 484 654; x_wconf 91' lang='lat' dir='ltr'><strong>dignus</strong></span> <span class='ocrx_word' id='word_1_36' title='bbox 508 577 588 638; x_wconf 80' lang='lat' dir='ltr'><strong>erat?</strong></span> <span class='ocrx_word' id='word_1_37' title='bbox 615 587 645 638; x_wconf 88' lang='lat' dir='ltr'><strong>et</strong></span> <span class='ocrx_word' id='word_1_38' title='bbox 659 577 691 638; x_wconf 91' lang='lat' dir='ltr'><strong>bi</strong></span> <span class='ocrx_word' id='word_1_39' title='bbox 704 577 862 656; x_wconf 82' lang='lat' dir='ltr'><strong>postulant,</strong></span> <span class='ocrx_word' id='word_1_40' title='bbox 879 587 912 640; x_wconf 96' lang='lat' dir='ltr'><strong>ut</strong></span> <span class='ocrx_word' id='word_1_41' title='bbox 925 581 1106 641; x_wconf 85' lang='lat' dir='ltr'><strong>sacrosancti</strong></span> 
     </span>
     <span class='ocr_line' id='line_1_6' title="bbox 146 658 1105 739; baseline 0 -17"><span class='ocrx_word' id='word_1_42' title='bbox 146 660 321 730; x_wconf 82' lang='lat' dir='ltr'>habeantur,</span> <span class='ocrx_word' id='word_1_43' title='bbox 339 658 448 738; x_wconf 86' lang='lat' dir='ltr'><strong>quibus</strong></span> <span class='ocrx_word' id='word_1_44' title='bbox 461 662 518 739; x_wconf 89' lang='lat' dir='ltr'><strong>ipsi</strong></span> <span class='ocrx_word' id='word_1_45' title='bbox 534 661 574 720; x_wconf 91' lang='lat' dir='ltr'><strong>dii</strong></span> <span class='ocrx_word' id='word_1_46' title='bbox 590 678 686 738; x_wconf 91' lang='lat' dir='ltr'><strong>neque</strong></span> <span class='ocrx_word' id='word_1_47' title='bbox 701 663 779 722; x_wconf 81' lang='lat' dir='ltr'><strong>sacri</strong></span> <span class='ocrx_word' id='word_1_48' title='bbox 796 679 894 738; x_wconf 91' lang='lat' dir='ltr'><strong>neque</strong></span> <span class='ocrx_word' id='word_1_49' title='bbox 912 665 1006 724; x_wconf 88' lang='lat' dir='ltr'><strong>sancti</strong></span> <span class='ocrx_word' id='word_1_50' title='bbox 1020 663 1105 725; x_wconf 81' lang='lat' dir='ltr'><strong>sunt-t</strong></span> 
     </span>
    </p>

    <p class='ocr_par' dir='ltr' id='par_1_3' title="bbox 145 743 1158 1575">
     <span class='ocr_line' id='line_1_7' title="bbox 146 743 1158 824; baseline -0.002 -18"><span class='ocrx_word' id='word_1_51' title='bbox 146 751 177 806; x_wconf 77' lang='lat' dir='ltr'><strong>at</strong></span> <span class='ocrx_word' id='word_1_52' title='bbox 197 746 276 805; x_wconf 87' lang='lat' dir='ltr'><strong>enim</strong></span> <span class='ocrx_word' id='word_1_53' title='bbox 296 743 401 804; x_wconf 89' lang='lat' dir='ltr'><strong>divinis</strong></span> <span class='ocrx_word' id='word_1_54' title='bbox 423 743 618 820; x_wconf 82' lang='lat' dir='ltr'><strong>humanisque</strong></span> <span class='ocrx_word' id='word_1_55' title='bbox 640 743 740 804; x_wconf 86' lang='lat' dir='ltr'><strong>obruti</strong></span> <span class='ocrx_word' id='word_1_56' title='bbox 762 743 925 808; x_wconf 83' lang='lat' dir='ltr'><strong>sceleribus</strong></span> <span class='ocrx_word' id='word_1_57' title='bbox 940 745 1037 824; x_wconf 85' lang='lat' dir='ltr'><strong>legem</strong></span> <span class='ocrx_word' id='word_1_58' title='bbox 1054 764 1106 808; x_wconf 87' lang='lat' dir='ltr'><strong>ros</strong></span> <span class='ocrx_word' id='word_1_59' title='bbox 1124 753 1158 804; x_wconf 87' lang='lat'><strong>11</strong></span> 
     </span>
     <span class='ocr_line' id='line_1_8' title="bbox 146 825 1105 906; baseline 0.001 -17"><span class='ocrx_word' id='word_1_60' title='bbox 146 828 204 889; x_wconf 92' lang='lat' dir='ltr'><strong>hoc</strong></span> <span class='ocrx_word' id='word_1_61' title='bbox 221 845 299 888; x_wconf 88' lang='lat' dir='ltr'><strong>anno</strong></span> <span class='ocrx_word' id='word_1_62' title='bbox 313 826 482 905; x_wconf 88' lang='lat' dir='ltr'><strong>perlaturos</strong></span> <span class='ocrx_word' id='word_1_63' title='bbox 496 826 642 887; x_wconf 83' lang='lat' dir='ltr'><strong>dictitatis.</strong></span> <span class='ocrx_word' id='word_1_64' title='bbox 675 837 737 887; x_wconf 92' lang='lat' dir='ltr'><strong>tum</strong></span> <span class='ocrx_word' id='word_1_65' title='bbox 758 825 881 888; x_wconf 76' lang='lat' dir='ltr'><strong>hercule</strong></span> <span class='ocrx_word' id='word_1_66' title='bbox 899 829 951 890; x_wconf 91' lang='lat' dir='ltr'><strong>illo</strong></span> <span class='ocrx_word' id='word_1_67' title='bbox 966 830 1030 900; x_wconf 91' lang='lat' dir='ltr'><strong>die,</strong></span> <span class='ocrx_word' id='word_1_68' title='bbox 1045 847 1105 906; x_wconf 87' lang='lat' dir='ltr'><strong>quo</strong></span> 
     </span>
     <span class='ocr_line' id='line_1_9' title="bbox 147 909 1106 992; baseline 0.002 -20"><span class='ocrx_word' id='word_1_69' title='bbox 147 929 202 990; x_wconf 90' lang='lat' dir='ltr'><strong>ego</strong></span> <span class='ocrx_word' id='word_1_70' title='bbox 218 910 321 972; x_wconf 91' lang='lat' dir='ltr'><strong>consul</strong></span> <span class='ocrx_word' id='word_1_71' title='bbox 336 927 402 971; x_wconf 90' lang='lat' dir='ltr'><strong>sum</strong></span> <span class='ocrx_word' id='word_1_72' title='bbox 419 918 544 979; x_wconf 89' lang='lat' dir='ltr'><strong>creatus,</strong></span> <span class='ocrx_word' id='word_1_73' title='bbox 562 909 639 971; x_wconf 91' lang='lat' dir='ltr'><strong>male</strong></span> <span class='ocrx_word' id='word_1_74' title='bbox 654 927 704 973; x_wconf 91' lang='lat' dir='ltr'><strong>res</strong></span> <span class='ocrx_word' id='word_1_75' title='bbox 718 919 800 990; x_wconf 88' lang='lat' dir='ltr'><strong>gesta</strong></span> <span class='ocrx_word' id='word_1_76' title='bbox 815 910 935 989; x_wconf 89' lang='lat' dir='ltr'><strong>publica</strong></span> <span class='ocrx_word' id='word_1_77' title='bbox 950 920 1002 984; x_wconf 89' lang='lat' dir='ltr'><strong>est,</strong></span> <span class='ocrx_word' id='word_1_78' title='bbox 1020 915 1106 992; x_wconf 89' lang='lat' dir='ltr'><strong>peius</strong></span> 
     </span>
     <span class='ocr_line' id='line_1_10' title="bbox 145 993 1105 1073; baseline 0 -17"><span class='ocrx_word' id='word_1_79' title='bbox 145 993 254 1064; x_wconf 79' lang='lat' dir='ltr'><strong>muco,</strong></span> <span class='ocrx_word' id='word_1_80' title='bbox 275 1011 363 1072; x_wconf 62' lang='lat' dir='ltr'><strong>mam</strong></span> <span class='ocrx_word' id='word_1_81' title='bbox 387 1011 455 1053; x_wconf 93' lang='lat' dir='ltr'><strong>cum</strong></span> <span class='ocrx_word' id='word_1_82' title='bbox 474 994 506 1055; x_wconf 89' lang='lat' dir='ltr'><strong>P.</strong></span> <span class='ocrx_word' id='word_1_83' title='bbox 521 993 655 1054; x_wconf 89' lang='lat' dir='ltr'><strong>Valerius</strong></span> <span class='ocrx_word' id='word_1_84' title='bbox 670 993 773 1056; x_wconf 90' lang='lat' dir='ltr'><strong>consul</strong></span> <span class='ocrx_word' id='word_1_85' title='bbox 795 997 898 1073; x_wconf 88' lang='lat' dir='ltr'><strong>periit,</strong></span> <span class='ocrx_word' id='word_1_86' title='bbox 925 998 950 1056; x_wconf 94' lang='lat' dir='ltr'><strong>si</strong></span> <span class='ocrx_word' id='word_1_87' title='bbox 969 995 1105 1058; x_wconf 88' lang='lat' dir='ltr'><strong>tuleritis.</strong></span> 
     </span>
     <span class='ocr_line' id='line_1_11' title="bbox 145 1075 1158 1157; baseline 0.002 -19"><span class='ocrx_word' id='word_1_88' title='bbox 145 1081 206 1139; x_wconf 89' lang='lat' dir='ltr'><strong>iam</strong></span> <span class='ocrx_word' id='word_1_89' title='bbox 227 1079 356 1157; x_wconf 89' lang='lat' dir='ltr'><strong>primum</strong></span> <span class='ocrx_word' id='word_1_90' title='bbox 382 1077 534 1137; x_wconf 86' lang='lat' dir='ltr'><strong>omninm“</strong></span> <span class='ocrx_word' id='word_1_91' title='bbox 554 1079 664 1154; x_wconf 91' lang='lat' dir='ltr'><strong>inquit,</strong></span> <span class='ocrx_word' id='word_1_92' title='bbox 690 1075 855 1148; x_wconf 64' lang='lat' dir='ltr'><strong>„Quirites</strong></span> <span class='ocrx_word' id='word_1_93' title='bbox 878 1081 910 1138; x_wconf 91' lang='lat' dir='ltr'><strong>in</strong></span> <span class='ocrx_word' id='word_1_94' title='bbox 935 1079 1059 1142; x_wconf 88' lang='lat' dir='ltr'><strong>Vulscos</strong></span> <span class='ocrx_word' id='word_1_95' title='bbox 1077 1087 1107 1140; x_wconf 88' lang='lat' dir='ltr'><strong>ct</strong></span> <span class='ocrx_word' id='word_1_96' title='bbox 1124 1089 1158 1141; x_wconf 77' lang='lat'><strong>12</strong></span> 
     </span>
     <span class='ocr_line' id='line_1_12' title="bbox 145 1158 1104 1238; baseline -0.001 -15"><span class='ocrx_word' id='word_1_97' title='bbox 145 1163 264 1238; x_wconf 74' lang='lat' dir='ltr'><strong>Aequos</strong></span> <span class='ocrx_word' id='word_1_98' title='bbox 279 1159 352 1221; x_wconf 82' lang='lat' dir='ltr'><strong>milri</strong></span> <span class='ocrx_word' id='word_1_99' title='bbox 366 1167 454 1238; x_wconf 91' lang='lat' dir='ltr'><strong>atque</strong></span> <span class='ocrx_word' id='word_1_100' title='bbox 469 1158 600 1238; x_wconf 87' lang='lat' dir='ltr'><strong>collegae</strong></span> <span class='ocrx_word' id='word_1_101' title='bbox 614 1159 748 1238; x_wconf 82' lang='lat' dir='ltr'><strong>legiones</strong></span> <span class='ocrx_word' id='word_1_102' title='bbox 764 1161 873 1223; x_wconf 87' lang='lat' dir='ltr'><strong>ducere</strong></span> <span class='ocrx_word' id='word_1_103' title='bbox 886 1163 919 1222; x_wconf 91' lang='lat' dir='ltr'><strong>in</strong></span> <span class='ocrx_word' id='word_1_104' title='bbox 935 1163 1033 1223; x_wconf 91' lang='lat' dir='ltr'><strong>animo</strong></span> <span class='ocrx_word' id='word_1_105' title='bbox 1051 1170 1104 1225; x_wconf 81' lang='lat' dir='ltr'><strong>est</strong></span> 
     </span>
     <span class='ocr_line' id='line_1_13' title="bbox 145 1242 1105 1326; baseline 0 -20"><span class='ocrx_word' id='word_1_106' title='bbox 145 1246 248 1306; x_wconf 87' lang='lat' dir='ltr'><strong>nescio</strong></span> <span class='ocrx_word' id='word_1_107' title='bbox 272 1260 330 1322; x_wconf 89' lang='lat' dir='ltr'><strong>quo</strong></span> <span class='ocrx_word' id='word_1_108' title='bbox 358 1245 418 1304; x_wconf 87' lang='lat' dir='ltr'><strong>iato</strong></span> <span class='ocrx_word' id='word_1_109' title='bbox 446 1246 540 1322; x_wconf 87' lang='lat' dir='ltr'><strong>magis</strong></span> <span class='ocrx_word' id='word_1_110' title='bbox 565 1242 709 1306; x_wconf 77' lang='lat' dir='ltr'><strong>bellantes</strong></span> <span class='ocrx_word' id='word_1_111' title='bbox 729 1261 817 1322; x_wconf 88' lang='lat' dir='ltr'><strong>quam</strong></span> <span class='ocrx_word' id='word_1_112' title='bbox 838 1247 936 1323; x_wconf 86' lang='lat' dir='ltr'><strong>pacati</strong></span> <span class='ocrx_word' id='word_1_113' title='bbox 959 1248 1105 1326; x_wconf 88' lang='lat' dir='ltr'><strong>propitios</strong></span> 
     </span>
     <span class='ocr_line' id='line_1_14' title="bbox 146 1327 1105 1409; baseline 0.002 -20"><span class='ocrx_word' id='word_1_114' title='bbox 146 1328 290 1390; x_wconf 87' lang='lat' dir='ltr'><strong>habemus</strong></span> <span class='ocrx_word' id='word_1_115' title='bbox 311 1328 392 1389; x_wconf 90' lang='lat' dir='ltr'><strong>deos.</strong></span> <span class='ocrx_word' id='word_1_116' title='bbox 422 1335 564 1406; x_wconf 89' lang='lat' dir='ltr'><strong>quantum</strong></span> <span class='ocrx_word' id='word_1_117' title='bbox 577 1327 744 1405; x_wconf 90' lang='lat' dir='ltr'><strong>periculum</strong></span> <span class='ocrx_word' id='word_1_118' title='bbox 765 1327 881 1390; x_wconf 91' lang='lat' dir='ltr'><strong>abillis</strong></span> <span class='ocrx_word' id='word_1_119' title='bbox 902 1327 1020 1409; x_wconf 91' lang='lat' dir='ltr'><strong>populis</strong></span> <span class='ocrx_word' id='word_1_120' title='bbox 1040 1329 1105 1391; x_wconf 84' lang='lat' dir='ltr'><strong>iue-</strong></span> 
     </span>
     <span class='ocr_line' id='line_1_15' title="bbox 145 1409 1103 1490; baseline -0.001 -17"><span class='ocrx_word' id='word_1_121' title='bbox 145 1415 201 1482; x_wconf 88' lang='lat' dir='ltr'><strong>rit,</strong></span> <span class='ocrx_word' id='word_1_122' title='bbox 222 1413 248 1474; x_wconf 86' lang='lat' dir='ltr'><strong>si</strong></span> <span class='ocrx_word' id='word_1_123' title='bbox 264 1409 440 1490; x_wconf 87' lang='lat' dir='ltr'><strong>Capitolium</strong></span> <span class='ocrx_word' id='word_1_124' title='bbox 456 1410 492 1471; x_wconf 88' lang='lat' dir='ltr'><strong>ab</strong></span> <span class='ocrx_word' id='word_1_125' title='bbox 515 1410 650 1473; x_wconf 81' lang='lat' dir='ltr'><strong>exulibus</strong></span> <span class='ocrx_word' id='word_1_126' title='bbox 673 1410 825 1473; x_wconf 90' lang='lat' dir='ltr'><strong>obsessum</strong></span> <span class='ocrx_word' id='word_1_127' title='bbox 846 1413 986 1483; x_wconf 81' lang='lat' dir='ltr'><strong>scissent,</strong></span> <span class='ocrx_word' id='word_1_128' title='bbox 1008 1413 1103 1490; x_wconf 89' lang='lat' dir='ltr'><strong>suspi-</strong></span> 
     </span>
     <span class='ocr_line' id='line_1_16' title="bbox 146 1495 1020 1575; baseline 0.001 -19"><span class='ocrx_word' id='word_1_129' title='bbox 146 1497 208 1556; x_wconf 91' lang='lat' dir='ltr'><strong>cari</strong></span> <span class='ocrx_word' id='word_1_130' title='bbox 223 1496 260 1557; x_wconf 92' lang='lat' dir='ltr'><strong>de</strong></span> <span class='ocrx_word' id='word_1_131' title='bbox 273 1497 433 1575; x_wconf 89' lang='lat' dir='ltr'><strong>praeterito</strong></span> <span class='ocrx_word' id='word_1_132' title='bbox 450 1511 538 1572; x_wconf 91' lang='lat' dir='ltr'><strong>quam</strong></span> <span class='ocrx_word' id='word_1_133' title='bbox 551 1512 585 1556; x_wconf 92' lang='lat' dir='ltr'><strong>re</strong></span> <span class='ocrx_word' id='word_1_134' title='bbox 600 1497 663 1574; x_wconf 89' lang='lat' dir='ltr'><strong>ipsa</strong></span> <span class='ocrx_word' id='word_1_135' title='bbox 680 1496 810 1574; x_wconf 84' lang='lat' dir='ltr'><strong>experiri</strong></span> <span class='ocrx_word' id='word_1_136' title='bbox 825 1501 869 1556; x_wconf 92' lang='lat' dir='ltr'><strong>est</strong></span> <span class='ocrx_word' id='word_1_137' title='bbox 883 1495 1020 1558; x_wconf 84' lang='lat' dir='ltr'><strong>melius.¹‘</strong></span> 
     </span>
    </p>

    <p class='ocr_par' dir='ltr' id='par_1_4' title="bbox 144 1576 1223 3501">
     <span class='ocr_line' id='line_1_17' title="bbox 207 1576 1138 1658; baseline 0.004 -18"><span class='ocrx_word' id='word_1_138' title='bbox 207 1579 269 1640; x_wconf 88' lang='lat' dir='ltr'><strong>XX.</strong></span> <span class='ocrx_word' id='word_1_139' title='bbox 290 1579 419 1640; x_wconf 82' lang='lat' dir='ltr'><strong>Moverat</strong></span> <span class='ocrx_word' id='word_1_140' title='bbox 432 1576 551 1657; x_wconf 86' lang='lat' dir='ltr'><strong>plebem</strong></span> <span class='ocrx_word' id='word_1_141' title='bbox 567 1580 662 1639; x_wconf 90' lang='lat' dir='ltr'><strong>oratio</strong></span> <span class='ocrx_word' id='word_1_142' title='bbox 674 1578 819 1650; x_wconf 90' lang='lat' dir='ltr'><strong>consulis,</strong></span> <span class='ocrx_word' id='word_1_143' title='bbox 836 1581 928 1641; x_wconf 88' lang='lat' dir='ltr'><strong>erecti</strong></span> <span class='ocrx_word' id='word_1_144' title='bbox 942 1587 1043 1658; x_wconf 87' lang='lat' dir='ltr'><strong>patres</strong></span> <span class='ocrx_word' id='word_1_145' title='bbox 1055 1597 1104 1642; x_wconf 88' lang='lat' dir='ltr'><strong>re·</strong></span> <span class='ocrx_word' id='word_1_146' title='bbox 1123 1591 1138 1644; x_wconf 90' lang='lat'>1</span> 
     </span>
     <span class='ocr_line' id='line_1_18' title="bbox 145 1660 1104 1742; baseline -0.001 -17"><span class='ocrx_word' id='word_1_147' title='bbox 145 1666 275 1726; x_wconf 89' lang='lat' dir='ltr'><strong>stitutam</strong></span> <span class='ocrx_word' id='word_1_148' title='bbox 289 1661 451 1724; x_wconf 89' lang='lat' dir='ltr'><strong>credebant</strong></span> <span class='ocrx_word' id='word_1_149' title='bbox 464 1680 529 1724; x_wconf 88' lang='lat' dir='ltr'><strong>rem</strong></span> <span class='ocrx_word' id='word_1_150' title='bbox 540 1660 699 1742; x_wconf 90' lang='lat' dir='ltr'><strong>publicam.</strong></span> <span class='ocrx_word' id='word_1_151' title='bbox 719 1662 821 1724; x_wconf 87' lang='lat' dir='ltr'><strong>consul</strong></span> <span class='ocrx_word' id='word_1_152' title='bbox 833 1661 916 1734; x_wconf 88' lang='lat' dir='ltr'><strong>alter,</strong></span> <span class='ocrx_word' id='word_1_153' title='bbox 929 1681 1029 1725; x_wconf 90' lang='lat' dir='ltr'><strong>comes</strong></span> <span class='ocrx_word' id='word_1_154' title='bbox 1041 1665 1104 1724; x_wconf 92' lang='lat' dir='ltr'><strong>ani·</strong></span> 
     </span>
     <span class='ocr_line' id='line_1_19' title="bbox 144 1745 1104 1827; baseline -0.002 -18"><span class='ocrx_word' id='word_1_155' title='bbox 144 1749 259 1809; x_wconf 89' lang='lat' dir='ltr'><strong>mosior</strong></span> <span class='ocrx_word' id='word_1_156' title='bbox 274 1763 362 1825; x_wconf 88' lang='lat' dir='ltr'><strong>quam</strong></span> <span class='ocrx_word' id='word_1_157' title='bbox 376 1754 494 1816; x_wconf 89' lang='lat' dir='ltr'><strong>auctor,</strong></span> <span class='ocrx_word' id='word_1_158' title='bbox 517 1748 681 1826; x_wconf 88' lang='lat' dir='ltr'><strong>suscepisse</strong></span> <span class='ocrx_word' id='word_1_159' title='bbox 701 1745 844 1825; x_wconf 88' lang='lat' dir='ltr'><strong>collegam</strong></span> <span class='ocrx_word' id='word_1_160' title='bbox 865 1747 999 1827; x_wconf 88' lang='lat' dir='ltr'><strong>priorem</strong></span> <span class='ocrx_word' id='word_1_161' title='bbox 1013 1748 1104 1807; x_wconf 87' lang='lat' dir='ltr'><strong>actio-</strong></span> 
     </span>
     <span class='ocr_line' id='line_1_20' title="bbox 145 1828 1105 1909; baseline -0.001 -17"><span class='ocrx_word' id='word_1_162' title='bbox 145 1850 200 1892; x_wconf 91' lang='lat' dir='ltr'><strong>nes</strong></span> <span class='ocrx_word' id='word_1_163' title='bbox 222 1838 282 1891; x_wconf 88' lang='lat' dir='ltr'><strong>tam</strong></span> <span class='ocrx_word' id='word_1_164' title='bbox 304 1831 401 1908; x_wconf 72' lang='lat' dir='ltr'><strong>grans</strong></span> <span class='ocrx_word' id='word_1_165' title='bbox 423 1829 509 1892; x_wconf 81' lang='lat' dir='ltr'><strong>facile</strong></span> <span class='ocrx_word' id='word_1_166' title='bbox 531 1847 650 1909; x_wconf 87' lang='lat' dir='ltr'><strong>passus,</strong></span> <span class='ocrx_word' id='word_1_167' title='bbox 678 1831 711 1889; x_wconf 91' lang='lat' dir='ltr'><strong>iu</strong></span> <span class='ocrx_word' id='word_1_168' title='bbox 734 1831 912 1909; x_wconf 82' lang='lat' dir='ltr'><strong>peragendis</strong></span> <span class='ocrx_word' id='word_1_169' title='bbox 940 1828 1105 1892; x_wconf 71' lang='lat' dir='ltr'><strong>consederis</strong></span> 
     </span>
     <span class='ocr_line' id='line_1_21' title="bbox 145 1912 1139 1993; baseline -0.002 -17"><span class='ocrx_word' id='word_1_170' title='bbox 145 1915 237 1976; x_wconf 84' lang='lat' dir='ltr'><strong>oflicii</strong></span> <span class='ocrx_word' id='word_1_171' title='bbox 266 1920 381 1993; x_wconf 90' lang='lat' dir='ltr'><strong>partem</strong></span> <span class='ocrx_word' id='word_1_172' title='bbox 411 1913 446 1974; x_wconf 88' lang='lat' dir='ltr'><strong>ad</strong></span> <span class='ocrx_word' id='word_1_173' title='bbox 475 1933 507 1975; x_wconf 91' lang='lat' dir='ltr'><strong>se</strong></span> <span class='ocrx_word' id='word_1_174' title='bbox 535 1913 709 1974; x_wconf 81' lang='lat' dir='ltr'><strong>vindicabat.</strong></span> <span class='ocrx_word' id='word_1_175' title='bbox 752 1921 815 1974; x_wconf 88' lang='lat' dir='ltr'><strong>tum</strong></span> <span class='ocrx_word' id='word_1_176' title='bbox 839 1912 951 1974; x_wconf 87' lang='lat' dir='ltr'><strong>tribuni</strong></span> <span class='ocrx_word' id='word_1_177' title='bbox 982 1912 1139 1975; x_wconf 72' lang='lat' dir='ltr'><strong>eludent</strong></span> 
     </span>
     <span class='ocr_line' id='line_1_22' title="bbox 144 1997 1103 2076; baseline -0.001 -16"><span class='ocrx_word' id='word_1_178' title='bbox 144 2007 190 2061; x_wconf 90' lang='lat' dir='ltr'><strong>tes</strong></span> <span class='ocrx_word' id='word_1_179' title='bbox 209 1997 289 2060; x_wconf 79' lang='lat' dir='ltr'><strong>velut</strong></span> <span class='ocrx_word' id='word_1_180' title='bbox 308 2015 381 2058; x_wconf 85' lang='lat' dir='ltr'><strong>vana</strong></span> <span class='ocrx_word' id='word_1_181' title='bbox 408 1998 485 2058; x_wconf 90' lang='lat' dir='ltr'><strong>dicta</strong></span> <span class='ocrx_word' id='word_1_182' title='bbox 506 1999 647 2076; x_wconf 89' lang='lat' dir='ltr'><strong>persequi</strong></span> <span class='ocrx_word' id='word_1_183' title='bbox 661 1997 848 2076; x_wconf 85' lang='lat' dir='ltr'><strong>quaerendo,</strong></span> <span class='ocrx_word' id='word_1_184' title='bbox 871 2014 1001 2075; x_wconf 90' lang='lat' dir='ltr'><strong>quonam</strong></span> <span class='ocrx_word' id='word_1_185' title='bbox 1015 1997 1103 2059; x_wconf 91' lang='lat' dir='ltr'><strong>modo</strong></span> 
     </span>
     <span class='ocr_line' id='line_1_23' title="bbox 146 2079 1104 2159; baseline -0.004 -13"><span class='ocrx_word' id='word_1_186' title='bbox 146 2084 309 2146; x_wconf 90' lang='lat' dir='ltr'><strong>exercitum</strong></span> <span class='ocrx_word' id='word_1_187' title='bbox 332 2081 466 2143; x_wconf 89' lang='lat' dir='ltr'><strong>educturi</strong></span> <span class='ocrx_word' id='word_1_188' title='bbox 493 2082 630 2142; x_wconf 91' lang='lat' dir='ltr'><strong>consules</strong></span> <span class='ocrx_word' id='word_1_189' title='bbox 656 2089 768 2151; x_wconf 88' lang='lat' dir='ltr'><strong>essent,</strong></span> <span class='ocrx_word' id='word_1_190' title='bbox 796 2097 871 2159; x_wconf 89' lang='lat' dir='ltr'><strong>quos</strong></span> <span class='ocrx_word' id='word_1_191' title='bbox 891 2080 1030 2142; x_wconf 89' lang='lat' dir='ltr'><strong>dilectum</strong></span> <span class='ocrx_word' id='word_1_192' title='bbox 1051 2079 1104 2142; x_wconf 89' lang='lat' dir='ltr'><strong>ha·</strong></span> 
     </span>
     <span class='ocr_line' id='line_1_24' title="bbox 145 2162 1139 2244; baseline -0.002 -16"><span class='ocrx_word' id='word_1_193' title='bbox 145 2166 218 2228; x_wconf 91' lang='lat' dir='ltr'><strong>bere</strong></span> <span class='ocrx_word' id='word_1_194' title='bbox 239 2184 326 2228; x_wconf 88' lang='lat' dir='ltr'><strong>nemo</strong></span> <span class='ocrx_word' id='word_1_195' title='bbox 349 2182 492 2244; x_wconf 89' lang='lat' dir='ltr'><strong>passurus</strong></span> <span class='ocrx_word' id='word_1_196' title='bbox 510 2166 565 2226; x_wconf 81' lang='lat' dir='ltr'><strong>siti</strong></span> <span class='ocrx_word' id='word_1_197' title='bbox 596 2164 703 2236; x_wconf 89' lang='lat' dir='ltr'><strong>„nobis</strong></span> <span class='ocrx_word' id='word_1_198' title='bbox 719 2173 810 2226; x_wconf 86' lang='lat' dir='ltr'><strong>vero“</strong></span> <span class='ocrx_word' id='word_1_199' title='bbox 829 2166 926 2243; x_wconf 88' lang='lat' dir='ltr'><strong>inquit</strong></span> <span class='ocrx_word' id='word_1_200' title='bbox 940 2162 1103 2234; x_wconf 87' lang='lat' dir='ltr'><strong>Quinctius,</strong></span> <span class='ocrx_word' id='word_1_201' title='bbox 1122 2175 1139 2226; x_wconf 84' lang='lat' dir='ltr'><strong>a</strong></span> 
     </span>
     <span class='ocr_line' id='line_1_25' title="bbox 146 2248 1105 2329; baseline 0 -18"><span class='ocrx_word' id='word_1_202' title='bbox 146 2250 241 2322; x_wconf 91' lang='lat' dir='ltr'><strong>„nihil</strong></span> <span class='ocrx_word' id='word_1_203' title='bbox 262 2248 372 2311; x_wconf 85' lang='lat' dir='ltr'><strong>dilectu</strong></span> <span class='ocrx_word' id='word_1_204' title='bbox 394 2267 468 2329; x_wconf 84' lang='lat' dir='ltr'><strong>opus</strong></span> <span class='ocrx_word' id='word_1_205' title='bbox 490 2256 550 2318; x_wconf 86' lang='lat' dir='ltr'><strong>est,</strong></span> <span class='ocrx_word' id='word_1_206' title='bbox 577 2266 658 2319; x_wconf 91' lang='lat' dir='ltr'><strong>cum,</strong></span> <span class='ocrx_word' id='word_1_207' title='bbox 685 2266 743 2326; x_wconf 90' lang='lat' dir='ltr'><strong>quo</strong></span> <span class='ocrx_word' id='word_1_208' title='bbox 763 2259 897 2328; x_wconf 87' lang='lat' dir='ltr'><strong>tempore</strong></span> <span class='ocrx_word' id='word_1_209' title='bbox 918 2249 951 2310; x_wconf 89' lang='lat' dir='ltr'><strong>P.</strong></span> <span class='ocrx_word' id='word_1_210' title='bbox 971 2248 1105 2311; x_wconf 84' lang='lat' dir='ltr'><strong>Valerius</strong></span> 
     </span>
     <span class='ocr_line' id='line_1_26' title="bbox 146 2331 1104 2412; baseline -0.005 -16"><span class='ocrx_word' id='word_1_211' title='bbox 146 2335 183 2396; x_wconf 88' lang='lat' dir='ltr'><strong>ad</strong></span> <span class='ocrx_word' id='word_1_212' title='bbox 204 2333 411 2412; x_wconf 89' lang='lat' dir='ltr'><strong>recipiundum</strong></span> <span class='ocrx_word' id='word_1_213' title='bbox 430 2331 606 2411; x_wconf 82' lang='lat' dir='ltr'><strong>Capitolium</strong></span> <span class='ocrx_word' id='word_1_214' title='bbox 629 2351 710 2392; x_wconf 89' lang='lat' dir='ltr'><strong>arma</strong></span> <span class='ocrx_word' id='word_1_215' title='bbox 733 2332 814 2411; x_wconf 93' lang='lat' dir='ltr'><strong>plebi</strong></span> <span class='ocrx_word' id='word_1_216' title='bbox 834 2333 928 2403; x_wconf 87' lang='lat' dir='ltr'><strong>dedit,</strong></span> <span class='ocrx_word' id='word_1_217' title='bbox 952 2351 1056 2394; x_wconf 91' lang='lat' dir='ltr'><strong>omnes</strong></span> <span class='ocrx_word' id='word_1_218' title='bbox 1072 2334 1104 2392; x_wconf 91' lang='lat' dir='ltr'><strong>in</strong></span> 
     </span>
     <span class='ocr_line' id='line_1_27' title="bbox 145 2414 1104 2480; baseline -0.002 -2"><span class='ocrx_word' id='word_1_219' title='bbox 145 2417 236 2480; x_wconf 83' lang='lat' dir='ltr'><strong>rerba</strong></span> <span class='ocrx_word' id='word_1_220' title='bbox 259 2418 421 2478; x_wconf 84' lang='lat' dir='ltr'><strong>iuraverint</strong></span> <span class='ocrx_word' id='word_1_221' title='bbox 441 2423 638 2478; x_wconf 87' lang='lat' dir='ltr'><strong>conventuros</strong></span> <span class='ocrx_word' id='word_1_222' title='bbox 658 2435 690 2477; x_wconf 91' lang='lat' dir='ltr'><strong>se</strong></span> <span class='ocrx_word' id='word_1_223' title='bbox 709 2419 792 2478; x_wconf 88' lang='lat' dir='ltr'><strong>iussu</strong></span> <span class='ocrx_word' id='word_1_224' title='bbox 822 2414 952 2477; x_wconf 92' lang='lat' dir='ltr'><strong>consulis</strong></span> <span class='ocrx_word' id='word_1_225' title='bbox 977 2433 1034 2477; x_wconf 89' lang='lat' dir='ltr'><strong>uec</strong></span> <span class='ocrx_word' id='word_1_226' title='bbox 1058 2417 1104 2476; x_wconf 91' lang='lat' dir='ltr'><strong>in·</strong></span> 
     </span>
     <span class='ocr_line' id='line_1_28' title="bbox 145 2497 1223 2578; baseline -0.005 -15"><span class='ocrx_word' id='word_1_227' title='bbox 145 2506 227 2564; x_wconf 87' lang='lat' dir='ltr'><strong>iussu</strong></span> <span class='ocrx_word' id='word_1_228' title='bbox 249 2500 390 2562; x_wconf 89' lang='lat' dir='ltr'><strong>abituros.</strong></span> <span class='ocrx_word' id='word_1_229' title='bbox 423 2500 566 2562; x_wconf 91' lang='lat' dir='ltr'><strong>edicimus</strong></span> <span class='ocrx_word' id='word_1_230' title='bbox 581 2500 696 2578; x_wconf 87' lang='lat' dir='ltr'><strong>ltaque,</strong></span> <span class='ocrx_word' id='word_1_231' title='bbox 712 2517 824 2570; x_wconf 89' lang='lat' dir='ltr'><strong>omnes,</strong></span> <span class='ocrx_word' id='word_1_232' title='bbox 844 2501 939 2576; x_wconf 89' lang='lat' dir='ltr'><strong>quiin</strong></span> <span class='ocrx_word' id='word_1_233' title='bbox 955 2497 1045 2560; x_wconf 91' lang='lat' dir='ltr'><strong>verba</strong></span> <span class='ocrx_word' id='word_1_234' title='bbox 1059 2499 1105 2559; x_wconf 93' lang='lat' dir='ltr'><strong>iu·</strong></span> <span class='ocrx_word' id='word_1_235' title='bbox 1122 2509 1223 2558; x_wconf 53' lang='lat' dir='ltr'><strong>aw-</strong></span> 
     </span>
     <span class='ocr_line' id='line_1_29' title="bbox 146 2581 1104 2660; baseline -0.005 -13"><span class='ocrx_word' id='word_1_236' title='bbox 146 2587 248 2657; x_wconf 88' lang='lat' dir='ltr'><strong>rastis,</strong></span> <span class='ocrx_word' id='word_1_237' title='bbox 277 2585 404 2646; x_wconf 86' lang='lat' dir='ltr'><strong>crastina</strong></span> <span class='ocrx_word' id='word_1_238' title='bbox 430 2584 478 2645; x_wconf 92' lang='lat' dir='ltr'><strong>die</strong></span> <span class='ocrx_word' id='word_1_239' title='bbox 502 2584 606 2644; x_wconf 87' lang='lat' dir='ltr'><strong>armati</strong></span> <span class='ocrx_word' id='word_1_240' title='bbox 628 2583 665 2644; x_wconf 92' lang='lat' dir='ltr'><strong>ad</strong></span> <span class='ocrx_word' id='word_1_241' title='bbox 685 2583 783 2644; x_wconf 91' lang='lat' dir='ltr'><strong>lacum</strong></span> <span class='ocrx_word' id='word_1_242' title='bbox 802 2581 951 2660; x_wconf 84' lang='lat' dir='ltr'><strong>Regillum</strong></span> <span class='ocrx_word' id='word_1_243' title='bbox 972 2582 1104 2643; x_wconf 85' lang='lat' dir='ltr'><strong>adsitis.“</strong></span> 
     </span>
     <span class='ocr_line' id='line_1_30' title="bbox 147 2665 1181 2746; baseline -0.004 -16"><span class='ocrx_word' id='word_1_244' title='bbox 147 2669 278 2730; x_wconf 78' lang='lat' dir='ltr'><strong>camilon</strong></span> <span class='ocrx_word' id='word_1_245' title='bbox 293 2675 356 2729; x_wconf 92' lang='lat' dir='ltr'><strong>tum</strong></span> <span class='ocrx_word' id='word_1_246' title='bbox 369 2666 483 2728; x_wconf 84' lang='lat' dir='ltr'><strong>tribuni</strong></span> <span class='ocrx_word' id='word_1_247' title='bbox 499 2674 528 2729; x_wconf 89' lang='lat' dir='ltr'><strong>et</strong></span> <span class='ocrx_word' id='word_1_248' title='bbox 540 2666 683 2746; x_wconf 92' lang='lat' dir='ltr'><strong>populum</strong></span> <span class='ocrx_word' id='word_1_249' title='bbox 695 2666 846 2729; x_wconf 81' lang='lat' dir='ltr'><strong>exsolvere</strong></span> <span class='ocrx_word' id='word_1_250' title='bbox 856 2665 1002 2744; x_wconf 91' lang='lat' dir='ltr'><strong>religione</strong></span> <span class='ocrx_word' id='word_1_251' title='bbox 1013 2665 1103 2728; x_wconf 85' lang='lat' dir='ltr'><strong>velle:</strong></span> <span class='ocrx_word' id='word_1_252' title='bbox 1166 2677 1181 2714; x_wconf 58' lang='lat' dir='ltr'><strong>t</strong></span> 
     </span>
     <span class='ocr_line' id='line_1_31' title="bbox 146 2748 1103 2834; baseline -0.006 -19"><span class='ocrx_word' id='word_1_253' title='bbox 146 2756 292 2834; x_wconf 89' lang='lat' dir='ltr'><strong>privatum</strong></span> <span class='ocrx_word' id='word_1_254' title='bbox 313 2771 349 2814; x_wconf 91' lang='lat' dir='ltr'><strong>eo</strong></span> <span class='ocrx_word' id='word_1_255' title='bbox 366 2759 501 2832; x_wconf 89' lang='lat' dir='ltr'><strong>tempore</strong></span> <span class='ocrx_word' id='word_1_256' title='bbox 515 2748 684 2821; x_wconf 86' lang='lat' dir='ltr'><strong>Quinctium</strong></span> <span class='ocrx_word' id='word_1_257' title='bbox 698 2752 803 2822; x_wconf 83' lang='lat' dir='ltr'><strong>luisse,</strong></span> <span class='ocrx_word' id='word_1_258' title='bbox 829 2751 897 2813; x_wconf 88' lang='lat' dir='ltr'><strong>cum</strong></span> <span class='ocrx_word' id='word_1_259' title='bbox 919 2756 1103 2811; x_wconf 89' lang='lat' dir='ltr'><strong>sacramento</strong></span> 
     </span>
     <span class='ocr_line' id='line_1_32' title="bbox 148 2833 1140 2916; baseline -0.006 -20"><span class='ocrx_word' id='word_1_260' title='bbox 148 2837 242 2897; x_wconf 88' lang='lat' dir='ltr'><strong>adacti</strong></span> <span class='ocrx_word' id='word_1_261' title='bbox 256 2837 322 2897; x_wconf 86' lang='lat' dir='ltr'><strong>sint.</strong></span> <span class='ocrx_word' id='word_1_262' title='bbox 350 2836 403 2898; x_wconf 90' lang='lat' dir='ltr'><strong>sed</strong></span> <span class='ocrx_word' id='word_1_263' title='bbox 417 2835 549 2896; x_wconf 91' lang='lat' dir='ltr'><strong>nondum</strong></span> <span class='ocrx_word' id='word_1_264' title='bbox 563 2835 646 2916; x_wconf 87' lang='lat' dir='ltr'><strong>haec,</strong></span> <span class='ocrx_word' id='word_1_265' title='bbox 664 2852 739 2912; x_wconf 86' lang='lat' dir='ltr'><strong>quae</strong></span> <span class='ocrx_word' id='word_1_266' title='bbox 753 2853 833 2896; x_wconf 91' lang='lat' dir='ltr'><strong>nunc</strong></span> <span class='ocrx_word' id='word_1_267' title='bbox 847 2841 929 2896; x_wconf 90' lang='lat' dir='ltr'><strong>tenet</strong></span> <span class='ocrx_word' id='word_1_268' title='bbox 943 2833 1103 2905; x_wconf 87' lang='lat' dir='ltr'><strong>saeculum,</strong></span> <span class='ocrx_word' id='word_1_269' title='bbox 1122 2840 1140 2890; x_wconf 83' lang='lat' dir='ltr'><strong>o</strong></span> 
     </span>
     <span class='ocr_line' id='line_1_33' title="bbox 149 2917 1105 2998; baseline -0.002 -18"><span class='ocrx_word' id='word_1_270' title='bbox 149 2919 336 2996; x_wconf 85' lang='lat' dir='ltr'><strong>neglegentia</strong></span> <span class='ocrx_word' id='word_1_271' title='bbox 353 2921 440 2982; x_wconf 91' lang='lat' dir='ltr'><strong>deum</strong></span> <span class='ocrx_word' id='word_1_272' title='bbox 457 2927 585 2989; x_wconf 87' lang='lat' dir='ltr'><strong>venerat,</strong></span> <span class='ocrx_word' id='word_1_273' title='bbox 602 2937 658 2980; x_wconf 92' lang='lat' dir='ltr'><strong>nec</strong></span> <span class='ocrx_word' id='word_1_274' title='bbox 673 2919 897 2998; x_wconf 87' lang='lat' dir='ltr'><strong>interpretando</strong></span> <span class='ocrx_word' id='word_1_275' title='bbox 910 2917 969 2979; x_wconf 92' lang='lat' dir='ltr'><strong>sibi</strong></span> <span class='ocrx_word' id='word_1_276' title='bbox 980 2920 1105 2996; x_wconf 86' lang='lat' dir='ltr'><strong>quisque</strong></span> 
     </span>
     <span class='ocr_line' id='line_1_34' title="bbox 147 2999 1105 3082; baseline -0.002 -19"><span class='ocrx_word' id='word_1_277' title='bbox 147 3005 194 3063; x_wconf 89' lang='lat' dir='ltr'><strong>ius</strong></span> <span class='ocrx_word' id='word_1_278' title='bbox 214 3003 371 3063; x_wconf 84' lang='lat' dir='ltr'><strong>iurandum</strong></span> <span class='ocrx_word' id='word_1_279' title='bbox 385 3011 414 3064; x_wconf 89' lang='lat' dir='ltr'><strong>et</strong></span> <span class='ocrx_word' id='word_1_280' title='bbox 427 3003 508 3081; x_wconf 88' lang='lat' dir='ltr'><strong>leges</strong></span> <span class='ocrx_word' id='word_1_281' title='bbox 524 3009 607 3082; x_wconf 89' lang='lat' dir='ltr'><strong>aptas</strong></span> <span class='ocrx_word' id='word_1_282' title='bbox 621 3003 762 3074; x_wconf 84' lang='lat' dir='ltr'><strong>iaciebat,</strong></span> <span class='ocrx_word' id='word_1_283' title='bbox 778 3003 829 3064; x_wconf 91' lang='lat' dir='ltr'><strong>sed</strong></span> <span class='ocrx_word' id='word_1_284' title='bbox 845 3021 914 3064; x_wconf 88' lang='lat' dir='ltr'><strong>suos</strong></span> <span class='ocrx_word' id='word_1_285' title='bbox 930 2999 1028 3081; x_wconf 88' lang='lat' dir='ltr'><strong>potius</strong></span> <span class='ocrx_word' id='word_1_286' title='bbox 1041 3019 1105 3062; x_wconf 90' lang='lat' dir='ltr'><strong>mo·</strong></span> 
     </span>
     <span class='ocr_line' id='line_1_35' title="bbox 148 3084 1142 3165; baseline -0.004 -18"><span class='ocrx_word' id='word_1_287' title='bbox 148 3105 197 3147; x_wconf 86' lang='lat' dir='ltr'><strong>res</strong></span> <span class='ocrx_word' id='word_1_288' title='bbox 219 3085 256 3145; x_wconf 90' lang='lat' dir='ltr'><strong>ad</strong></span> <span class='ocrx_word' id='word_1_289' title='bbox 277 3103 310 3146; x_wconf 89' lang='lat' dir='ltr'><strong>ea</strong></span> <span class='ocrx_word' id='word_1_290' title='bbox 332 3085 580 3149; x_wconf 85' lang='lat' dir='ltr'><strong>accommodabat.</strong></span> <span class='ocrx_word' id='word_1_291' title='bbox 612 3087 703 3165; x_wconf 85' lang='lat' dir='ltr'><strong>igitur</strong></span> <span class='ocrx_word' id='word_1_292' title='bbox 717 3086 845 3158; x_wconf 91' lang='lat' dir='ltr'><strong>tribuni,</strong></span> <span class='ocrx_word' id='word_1_293' title='bbox 860 3093 893 3146; x_wconf 92' lang='lat' dir='ltr'><strong>ut</strong></span> <span class='ocrx_word' id='word_1_294' title='bbox 907 3084 1142 3164; x_wconf 80' lang='lat' dir='ltr'><strong>inpediendaeo</strong></span> 
     </span>
     <span class='ocr_line' id='line_1_36' title="bbox 148 3168 1105 3249; baseline -0.004 -19"><span class='ocrx_word' id='word_1_295' title='bbox 148 3172 193 3234; x_wconf 90' lang='lat' dir='ltr'><strong>rei</strong></span> <span class='ocrx_word' id='word_1_296' title='bbox 207 3168 288 3230; x_wconf 89' lang='lat' dir='ltr'><strong>nulla</strong></span> <span class='ocrx_word' id='word_1_297' title='bbox 303 3187 371 3248; x_wconf 90' lang='lat' dir='ltr'><strong>spes</strong></span> <span class='ocrx_word' id='word_1_298' title='bbox 387 3177 457 3240; x_wconf 90' lang='lat' dir='ltr'><strong>erat,</strong></span> <span class='ocrx_word' id='word_1_299' title='bbox 472 3169 509 3230; x_wconf 92' lang='lat' dir='ltr'><strong>de</strong></span> <span class='ocrx_word' id='word_1_300' title='bbox 524 3171 704 3249; x_wconf 81' lang='lat' dir='ltr'><strong>proferendo</strong></span> <span class='ocrx_word' id='word_1_301' title='bbox 721 3173 853 3232; x_wconf 80' lang='lat' dir='ltr'><strong>exercitu</strong></span> <span class='ocrx_word' id='word_1_302' title='bbox 867 3186 970 3247; x_wconf 90' lang='lat' dir='ltr'><strong>agere,</strong></span> <span class='ocrx_word' id='word_1_303' title='bbox 990 3187 1025 3228; x_wconf 93' lang='lat' dir='ltr'><strong>eo</strong></span> <span class='ocrx_word' id='word_1_304' title='bbox 1043 3185 1105 3227; x_wconf 88' lang='lat' dir='ltr'><strong>ma·</strong></span> 
     </span>
     <span class='ocr_line' id='line_1_37' title="bbox 147 3251 1106 3332; baseline -0.004 -18"><span class='ocrx_word' id='word_1_305' title='bbox 147 3255 207 3332; x_wconf 90' lang='lat' dir='ltr'><strong>gis,</strong></span> <span class='ocrx_word' id='word_1_306' title='bbox 234 3253 313 3331; x_wconf 89' lang='lat' dir='ltr'><strong>quod</strong></span> <span class='ocrx_word' id='word_1_307' title='bbox 336 3259 364 3313; x_wconf 89' lang='lat' dir='ltr'><strong>et</strong></span> <span class='ocrx_word' id='word_1_308' title='bbox 383 3269 510 3330; x_wconf 85' lang='lat' dir='ltr'><strong>augures</strong></span> <span class='ocrx_word' id='word_1_309' title='bbox 530 3257 626 3316; x_wconf 91' lang='lat' dir='ltr'><strong>iussos</strong></span> <span class='ocrx_word' id='word_1_310' title='bbox 647 3255 749 3316; x_wconf 87' lang='lat' dir='ltr'><strong>adesse</strong></span> <span class='ocrx_word' id='word_1_311' title='bbox 771 3254 808 3314; x_wconf 91' lang='lat' dir='ltr'><strong>ad</strong></span> <span class='ocrx_word' id='word_1_312' title='bbox 835 3251 982 3330; x_wconf 88' lang='lat' dir='ltr'><strong>Regillum</strong></span> <span class='ocrx_word' id='word_1_313' title='bbox 1006 3251 1106 3312; x_wconf 87' lang='lat' dir='ltr'><strong>lacum</strong></span> 
     </span>
     <span class='ocr_line' id='line_1_38' title="bbox 148 3335 1106 3416; baseline -0.005 -18"><span class='ocrx_word' id='word_1_314' title='bbox 148 3337 224 3398; x_wconf 89' lang='lat' dir='ltr'><strong>lama</strong></span> <span class='ocrx_word' id='word_1_315' title='bbox 248 3339 360 3400; x_wconf 86' lang='lat' dir='ltr'><strong>exierat</strong></span> <span class='ocrx_word' id='word_1_316' title='bbox 385 3336 542 3414; x_wconf 91' lang='lat' dir='ltr'><strong>locumque</strong></span> <span class='ocrx_word' id='word_1_317' title='bbox 569 3340 757 3416; x_wconf 87' lang='lat' dir='ltr'><strong>inaugurari,</strong></span> <span class='ocrx_word' id='word_1_318' title='bbox 782 3335 835 3396; x_wconf 93' lang='lat' dir='ltr'><strong>ubi</strong></span> <span class='ocrx_word' id='word_1_319' title='bbox 862 3337 1012 3415; x_wconf 90' lang='lat' dir='ltr'><strong>auspicato</strong></span> <span class='ocrx_word' id='word_1_320' title='bbox 1038 3351 1106 3395; x_wconf 89' lang='lat' dir='ltr'><strong>cum</strong></span> 
     </span>
     <span class='ocr_line' id='line_1_39' title="bbox 148 3419 1106 3501; baseline -0.004 -21"><span class='ocrx_word' id='word_1_321' title='bbox 148 3419 259 3500; x_wconf 92' lang='lat' dir='ltr'><strong>populo</strong></span> <span class='ocrx_word' id='word_1_322' title='bbox 276 3425 324 3498; x_wconf 92' lang='lat' dir='ltr'><strong>agi</strong></span> <span class='ocrx_word' id='word_1_323' title='bbox 338 3428 453 3501; x_wconf 89' lang='lat' dir='ltr'><strong>posset,</strong></span> <span class='ocrx_word' id='word_1_324' title='bbox 468 3428 501 3481; x_wconf 86' lang='lat' dir='ltr'><strong>ut</strong></span> <span class='ocrx_word' id='word_1_325' title='bbox 516 3422 659 3501; x_wconf 75' lang='lat' dir='ltr'><strong>quiidquid</strong></span> <span class='ocrx_word' id='word_1_326' title='bbox 675 3422 786 3484; x_wconf 85' lang='lat' dir='ltr'><strong>Romae</strong></span> <span class='ocrx_word' id='word_1_327' title='bbox 801 3422 829 3480; x_wconf 89' lang='lat' dir='ltr'><strong>vi</strong></span> <span class='ocrx_word' id='word_1_328' title='bbox 843 3419 1002 3481; x_wconf 89' lang='lat' dir='ltr'><strong>tribunicia</strong></span> <span class='ocrx_word' id='word_1_329' title='bbox 1019 3434 1106 3496; x_wconf 90' lang='lat' dir='ltr'><strong>roga·</strong></span> 
     </span>
    </p>

    <p class='ocr_par' dir='ltr' id='par_1_5' title="bbox 184 3509 952 3574">
     <span class='ocr_line' id='line_1_40' title="bbox 184 3509 952 3574; baseline 0.012 -5"><span class='ocrx_word' id='word_1_330' title='bbox 184 3535 208 3570; x_wconf 62' lang='grc' dir='ltr'><strong>Φ.</strong></span> <span class='ocrx_word' id='word_1_331' title='bbox 222 3537 282 3574; x_wconf 76' lang='grc' dir='ltr'><strong>ΜΠ</strong></span> <span class='ocrx_word' id='word_1_332' title='bbox 295 3536 364 3572; x_wconf 68' lang='lat' dir='ltr'><strong>PARS</strong></span> <span class='ocrx_word' id='word_1_333' title='bbox 377 3537 398 3572; x_wconf 84' lang='lat'><strong>1.</strong></span> <span class='ocrx_word' id='word_1_334' title='bbox 912 3509 952 3569; x_wconf 77' lang='lat'><strong>10</strong></span> 
     </span>
    </p>
   </div>
   <div class='ocr_carea' id='block_1_3' title="bbox 0 0 1290 3956">
    <p class='ocr_par' dir='ltr' id='par_1_6' title="bbox 0 0 1290 3956">
     <span class='ocr_line' id='line_1_41' title="bbox 0 0 1290 3956; baseline 0 0"><span class='ocrx_word' id='word_1_335' title='bbox 0 0 1290 3956; x_wconf 95' lang='lat' dir='ltr'><strong> </strong></span> 
     </span>
    </p>
   </div>
  </div>
 </body>
</html>
