2548 3954
238 245 334 287 crues
349 245 370 288 r.
390 245 461 286 cnr.
477 237 503 290 6.
521 241 546 290 7.
566 241 608 303 [a.
624 249 653 288 u.
669 249 694 288 o.
710 244 734 293 1.
748 247 774 286 a.
792 225 827 286 Ο.
843 226 907 300 753]
1031 229 1050 289 9
1115 260 1117 268 v

98 396 248 458 conditam
273 393 398 472 imperio
423 403 555 472 regeret,
585 395 728 458 Palatium
753 391 912 461 Romulus,
943 393 1051 456 Rectus
1091 426 1093 429 v

97 479 273 540 Aventinum
287 477 324 537 ad
338 478 574 556 inaugurandum
590 478 697 558 templa
712 477 839 556 capiunt.

157 561 215 622 Vll.
242 560 340 621 Priori
360 559 453 621 Remo
473 564 629 640 augurium
643 563 757 624 venisse
777 560 871 622 fertur
886 579 939 622 sex
958 561 1050 623 uultu·
1071 571 1083 620 1

97 665 161 715 res,
182 647 301 720 iamque
323 645 454 704 nuntiato
478 649 601 723 augurio
622 665 690 706 uam
709 644 817 724 duplex
837 662 978 706 uumerus
993 645 1051 707 llo·

97 729 177 790 mulo
202 746 268 790 sese
291 727 481 797 ostendIsset,
513 737 671 807 utrumque
691 745 793 806 regem
819 746 872 789 sua
896 727 1051 790 multitudo

96 811 339 874 consalutaverat.
355 820 490 890 tempore
502 810 545 872 illi
556 821 725 892 praecepto,
738 818 767 872 at
777 811 809 872 bi
819 829 944 874 numere
956 815 1051 873 avium

94 913 223 974 regnum
237 893 402 956 trahebant.
432 896 501 958 inde
525 914 594 956 cum
608 897 799 962 altereatione
817 898 969 974 congressi
987 915 1051 956 cer·
1069 903 1086 952 2

96 981 206 1041 tamine
225 981 337 1039 barum
353 979 389 1039 ad
412 979 532 1041 caedem
552 987 713 1040 vertuntur.
745 978 788 1038 ibi
814 981 845 1039 in
866 979 952 1040 turba
977 982 1052 1041 ictus

95 1064 206 1124 Remus
221 1061 336 1122 cecidit.
366 1061 510 1140 vulgatior
524 1064 601 1124 lama
617 1072 661 1125 est
674 1062 802 1123 ludibrio
817 1064 916 1124 fratris
927 1063 1051 1125 Remum

95 1164 188 1208 novos
206 1143 389 1207 transiluisse
403 1164 523 1217 mm·0s;
537 1149 606 1208 inde
621 1148 657 1209 ab
670 1149 745 1208 irato
756 1146 892 1217 Romulo,
909 1165 977 1208 cum
987 1165 1052 1208 rer·

95 1231 141 1292 bis
163 1247 282 1308 quinque
304 1230 485 1308 increpitans
500 1232 656 1293 adiecisset
669 1233 734 1301 „sic
754 1229 860 1292 deinde
874 1232 1053 1307 qudcumque

95 1315 172 1375 alius
187 1312 334 1374 transiliet
348 1315 464 1374 moenia
480 1332 544 1375 mea
554 1316 581 1374 l“
596 1315 794 1376 interiectum.
823 1315 863 1373 ita
880 1313 960 1374 solus
977 1315 1051 1391 poti·
1069 1320 1086 1372 ³

95 1409 141 1460 tus
168 1397 295 1476 imperio
320 1396 478 1465 Romulum
508 1399 629 1459 condita
638 1397 719 1458 urbs
745 1395 906 1457 conditoris
932 1398 1052 1457 nomine

95 1501 110 1541 a
132 1478 251 1560 pellata.
1019 1487 1021 1492 ’

112 1500 131 1561 p
155 1563 298 1624 Palatium
315 1565 460 1642 primum,
482 1567 513 1624 in
531 1581 589 1642 quo
607 1568 671 1644 ipse
689 1575 751 1626 erat
766 1566 921 1634 educatus,
937 1568 1050 1626 muniit.

94 1666 180 1710 sacra
196 1647 252 1708 diis
270 1647 335 1708 aliis
351 1646 465 1709 Albano
477 1649 551 1718 ritu,
566 1650 681 1711 Graeco
695 1648 833 1718 Herculi,
854 1657 885 1707 ut
900 1647 936 1708 ab
954 1647 1051 1708 Euan·

94 1734 149 1794 dro
171 1733 303 1791 instituta
325 1740 424 1802 erant,
447 1732 524 1792 lacit.
557 1732 717 1793 Hercrdem
731 1735 762 1792 in
786 1751 819 1794 ea
833 1730 898 1792 loca
914 1732 1050 1810 Geryone
1067 1740 1165 1811 a*

95 1819 273 1892 interempto
299 1814 390 1876 bores
418 1816 493 1875 mira
519 1817 618 1894 specie
643 1814 778 1894 abegisse
805 1823 987 1884 memorant,
1017 1833 1052 1876 ac

94 1917 189 1979 prope
212 1897 345 1959 Tiberim
372 1898 507 1968 fluvium,
534 1916 590 1975 qua
618 1917 690 1978 prae
715 1918 748 1960 se
770 1906 935 1960 armentum
961 1915 1052 1975 agens

94 1983 193 2044 nando
209 1983 381 2052 traiecerat,
396 1981 463 2042 loco
483 1980 625 2053 herbido,
643 1991 675 2044 ut
691 1983 789 2060 quiete
806 1991 834 2044 et
850 1979 959 2060 pabulo
975 1981 1052 2043 laeto

15 2061 16 2066 ’
93 2067 233 2128 reliceret
249 2065 349 2136 boves,
368 2075 397 2126 et
411 2067 508 2144 ipsum
523 2065 633 2127 fessum
647 2069 692 2126 via
709 2065 912 2144 procubuisse.
930 2064 1052 2126 ibicum
1070 2075 1088 2128 5

95 2168 163 2211 eum
188 2148 256 2209 cibo
276 2151 403 2227 vinoque
427 2157 578 2226 gravatum
599 2167 690 2229 sopor
712 2151 923 2229 oppressisset,
951 2156 1051 2226 pastor

94 2232 197 2294 accola
212 2233 276 2294 eius
289 2231 350 2293 loci
365 2235 486 2294 nomine
502 2233 609 2302 mnus,
627 2234 711 2295 ferox
727 2232 854 2304 viribus,
870 2240 972 2309 captus
986 2229 1052 2312 pul·

95 2317 264 2379 claritudine
278 2314 369 2376 boum
384 2333 452 2376 cum
469 2325 601 2377 avertere
617 2335 682 2376 eam
692 2317 834 2395 praedam
852 2315 953 2386 vellet,
974 2316 1052 2393 quia,

94 2404 120 2462 si
136 2399 251 2477 agendo
273 2406 440 2460 armentum
460 2400 492 2458 iu
513 2399 686 2476 speluncam
703 2399 908 2477 compulisset,
925 2401 989 2476 ipsa
1004 2417 1053 2459 ve·

94 2485 181 2561 stigia
201 2490 393 2559 quaerentem
411 2481 562 2541 dominum
578 2501 614 2542 eo
632 2483 792 2542 deductura
815 2491 913 2551 erant,
934 2499 1053 2542 aversos

95 2566 196 2635 bores,
211 2567 353 2627 eximium
366 2561 513 2642 quemque
524 2564 755 2644 pulchritudine,
773 2564 875 2625 caudis
887 2565 918 2623 in
932 2563 1052 2641 spelun-

95 2668 161 2710 cam
178 2651 274 2709 traxit.
300 2647 444 2709 Hercrdes
458 2647 494 2707 ad
514 2649 800 2727 primamauroram
819 2665 923 2708 somno
941 2648 1052 2708 excitus
1070 2661 1087 2711 a

95 2751 164 2794 cnm
179 2747 300 2809 gregem
315 2730 524 2809 perlustrasset
537 2731 630 2792 oculis
644 2739 673 2794 et
683 2739 797 2810 partem
811 2729 915 2792 abesse
926 2747 1051 2791 numero

95 2817 244 2885 sensisset,
260 2815 358 2892 pergit
373 2814 410 2874 ad
427 2816 592 2893 proximam
607 2814 788 2893 speluncam,
811 2816 837 2876 si
856 2814 933 2875 sorte
949 2832 984 2874 eo
1004 2831 1051 2874 ve·

95 2900 182 2978 stigia
206 2900 328 2960 ferrent.
360 2914 436 2974 quae
458 2897 510 2958 ubi
532 2900 631 2959 omnia
649 2898 730 2960 foras
750 2917 833 2960 versa
861 2897 930 2958 unic
950 2915 1006 2958 nec
1020 2898 1051 2955 in

95 2989 210 3062 partem
228 2982 315 3042 aliam
331 2982 421 3052 ferre,
437 2981 578 3065 confusus
591 2991 678 3059 atque
692 2985 822 3044 incertus
833 2982 924 3042 animi
938 2999 974 3042 ex
984 2980 1051 3040 loto

95 3066 202 3128 infesto
223 3083 311 3144 agere
332 3083 424 3144 porro
445 3072 611 3126 armentum
633 3067 756 3143 occepit
788 3065 858 3126 inde
879 3083 945 3124 cnm
968 3073 1052 3124 actae

95 3149 186 3211 boves
207 3148 350 3227 quaedam
371 3149 408 3208 ad
429 3149 623 3219 desiderium,
639 3157 672 3210 ut
690 3150 738 3218 dt,
752 3149 924 3210 relictarum
940 3147 1050 3223 mugis-

95 3243 169 3304 sent,
184 3233 299 3296 reddita
316 3232 498 3294 inclusarum
512 3250 549 3293 ex
559 3232 700 3310 spelunca
714 3231 805 3291 boum
823 3249 877 3290 rox
893 3228 1051 3290 Herculem

96 3320 248 3380 convertit
284 3333 373 3394 quem
392 3335 460 3377 cum
484 3315 637 3377 radentem
657 3314 694 3376 ad
716 3313 887 3394 speluncam
911 3313 1003 3375 Cacus
1023 3313 1051 3372 ri

95 3400 257 3479 probibere
278 3406 400 3461 conatus
416 3408 506 3470 esset,
531 3400 607 3460 ictus
623 3399 702 3460 clara
720 3399 808 3460 fidem
825 3403 976 3478 pastorum
997 3413 1050 3455 ne·

95 3486 235 3561 quiquam
250 3485 391 3544 mvocans
407 3493 503 3548 morte
518 3482 664 3544 occubuit
