2534 3956
225 154 294 218 266
418 166 512 208 nreun
528 166 557 208 v.
583 164 653 208 cur.
669 157 696 210 9.
716 159 757 210 10.
784 148 822 225 [a
839 168 867 206 u.
885 169 910 206 e.
926 141 986 225 353]

184 325 211 378 ro
231 317 314 378 meles
330 323 374 376 est
386 316 508 378 tendere
522 315 661 377 adversus
676 315 878 374 auctoritatem
899 322 1024 374 senatus.
1056 316 1182 392 proinde

232 407 261 462 et
275 418 325 460 ros
336 398 459 461 desinite
470 400 547 461 inter
559 405 659 460 nostra
674 398 833 458 certamina
843 396 942 457 locum
954 399 1080 460 iniuriae
1092 415 1183 475 quae·

136 497 142 510 ·
230 502 314 554 rere,
340 491 370 544 et
386 482 516 560 collegae
532 491 582 544 aut
601 482 709 543 facient
729 481 807 558 quod
822 487 923 542 censet
936 490 1069 550 senatus,
1093 489 1145 541 aut
1158 485 1183 542 si

229 568 409 647 pertinacius
426 566 561 636 tendent,
584 567 756 626 dictatorem
771 562 916 642 extemplo
931 564 1042 634 dicam,
1064 565 1115 642 qui
1132 583 1184 626 eos

195 661 212 710 7
229 650 313 713 abire
328 651 499 728 magistratu
514 656 630 728 cogat“
664 665 732 709 cum
753 649 885 708 omnium
907 647 1034 708 adsensu
1055 665 1184 726 conpro-

228 733 297 795 bata
317 735 412 795 oratio
434 743 525 803 esset,
551 732 772 810 gauderentque
794 738 894 809 patres
918 733 982 792 sine
1006 730 1184 793 tribunIciae

228 819 380 897 potestatis
396 816 546 878 terriculis
559 818 708 878 inventam
724 833 788 876 esse
804 815 891 876 aliam
908 816 967 874 vim
986 817 1131 878 maiorem
1145 817 1184 876 ad

192 905 210 956 8
228 901 410 964 coercendos
431 902 631 978 magistratus,
653 900 721 959 vieti
741 915 888 960 consensu
908 899 1040 960 omnium
1064 900 1184 960 comitia

226 984 414 1046 tribunorum
435 983 559 1044 militum
579 981 726 1052 habuere,
747 982 797 1058 qui
812 981 875 1042 llal.
892 980 1069 1044 Octobribus
1090 985 1184 1059 magi-

226 1075 349 1167 stratum
363 1069 546 1146 (reciperent,
568 1085 660 1145 seque
681 1074 749 1127 ante
766 1084 830 1126 eam
850 1065 929 1127 diem
944 1067 1115 1144 magistratu
1130 1065 1183 1126 ab·

191 1253 207 1304 1
226 1151 382 1298 dmagrell.
399 1236 513 1298 Valerio
526 1238 622 1298 Potito
637 1242 774 1313 quartum
785 1233 822 1294 Μ.
838 1233 928 1294 Furio
942 1233 1062 1296 Camillo
1073 1235 1183 1296 iterum

224 1317 272 1380 Μ’.
289 1319 413 1382 Aemilio
432 1321 581 1384 Mamerco
603 1319 722 1380 tertium
742 1316 946 1380 Gemmeus
967 1318 1057 1380 Cosso
1073 1320 1182 1380 iterum
1260 1341 1261 1374 r

223 1402 259 1464 ll.
275 1402 367 1464 Fabio
381 1403 522 1466 Ambusto
538 1404 570 1465 L.
589 1403 662 1464 lulio
678 1401 741 1462 lulo
752 1400 880 1462 tribunis
892 1399 1018 1462 militum
1033 1402 1183 1464 consulari

187 1491 366 1565 ²potestate
386 1487 477 1548 multa
495 1487 575 1548 domi
598 1485 779 1564 militiaeque
806 1492 896 1562 gesta.
930 1504 999 1546 nam
1026 1493 1055 1548 et
1069 1485 1181 1548 bellurn

222 1567 376 1647 multiplex
390 1570 446 1631 luit
461 1571 566 1632 eodem
578 1570 729 1648 tempore,
745 1569 782 1630 ad
795 1569 882 1630 Veios
897 1576 927 1630 et
940 1570 977 1631 ad
989 1569 1138 1649 Capenam
1154 1579 1182 1632 et

221 1651 259 1712 ad
277 1651 426 1724 Falerios,
449 1656 524 1717 etin
541 1652 669 1722 Volscis,
694 1661 726 1714 ut
740 1652 841 1714 Anxur
855 1651 892 1713 ab
906 1651 1041 1715 hostibus
1055 1672 1180 1733 recupe-

186 1747 205 1800 a
221 1744 352 1807 raretum
374 1746 403 1800 et
418 1737 530 1800 Romae
544 1736 632 1801 simul
647 1737 756 1799 dilectu
771 1735 858 1798 simrd
872 1735 982 1798 tributo
998 1737 1178 1800 conterendo

220 1818 387 1882 laboratum
403 1828 461 1893 est,
485 1830 514 1884 et
534 1822 571 1884 de
591 1820 718 1884 tribunis
736 1818 818 1899 plebi
844 1821 1016 1899 cooptandis
1030 1824 1177 1884 contentio
1261 1897 1262 1902 ἵ

219 1903 287 1974 luit,
308 1913 337 1965 et
350 1905 429 1966 haud
440 1924 564 1985 parvum
575 1915 688 1966 motum
703 1905 761 1967 duo
773 1905 883 1966 iudicia
895 1922 1013 1976 eorum,
1029 1907 1081 1983 qui
1091 1905 1177 1985 paulo

186 1994 288 2049 tante
307 1989 457 2050 considari
472 1996 616 2068 potestate
639 1990 769 2059 fuerant,
792 1989 935 2050 excivere.
967 1990 1100 2051 omnium
1118 1993 1177 2068 pri·

218 2088 301 2131 mum
314 2071 442 2133 tribunis
456 2072 583 2135 militum
603 2073 657 2134 luit
671 2071 811 2134 dilectum
827 2071 948 2140 haberi;
969 2090 1026 2134 nec
1047 2075 1177 2136 iuniores

218 2155 307 2216 modo
322 2157 498 2234 conscripti,
521 2158 574 2218 sed
593 2159 726 2218 seniores
744 2157 831 2218 etiam
846 2157 941 2218 coacti
961 2158 1081 2218 nomina
1097 2157 1175 2227 dare,

182 2244 250 2298 eut
273 2237 356 2298 urbis
375 2239 538 2299 custodiam
560 2248 691 2318 agerent.
730 2248 871 2317 quantum
894 2245 991 2302 autem
1014 2239 1177 2318 augebatur

213 2319 342 2382 militum
353 2338 503 2392 nummus,
516 2330 596 2384 tanto
608 2325 720 2384 maiore
734 2325 861 2402 pecunia
871 2323 904 2384 in
913 2324 1091 2401 stipendium
1103 2343 1177 2404 opus

218 2412 295 2475 erat,
317 2421 411 2482 eaque
423 2404 534 2467 tributo
549 2405 758 2468 conterebatur
772 2408 871 2468 invitis
885 2407 1107 2469 conterentibus
1126 2411 1177 2486 qui

217 2487 296 2550 domi
318 2489 525 2562 remanebant,
554 2492 623 2569 quia
644 2490 793 2553 tuentibus
814 2490 920 2552 urbem
945 2508 1036 2569 opera
1058 2509 1177 2570 quoque

174 2580 199 2633 d
216 2571 335 2634 militari
344 2572 540 2636 laborandum
551 2576 797 2653 serviendumque
810 2573 1002 2654 reipublicae
1015 2583 1085 2637 erat
1102 2575 1177 2638 baec

215 2673 271 2733 per
289 2675 321 2718 se
344 2659 451 2734 gravia.
483 2658 709 2737 indignioraque
731 2666 764 2720 ut
779 2659 964 2728 viderentur,
986 2658 1098 2721 tribum
1111 2659 1176 2739 ple·

212 2737 261 2800 bis
284 2741 429 2802 seditiosis
449 2741 636 2805 contionibus
661 2741 822 2814 faciebant,
851 2743 919 2806 ideo
943 2760 1012 2808 aera
1033 2743 1176 2808 militibus

211 2826 371 2886 constituta
386 2844 450 2888 esse
469 2829 636 2908 arguendo,
656 2840 689 2894 ut
703 2831 800 2913 plebis
814 2837 929 2912 partem
944 2830 1046 2894 militia
1059 2839 1175 2911 partem

178 2921 197 2972 r
215 2906 324 2969 tributo
336 2910 525 2975 conficerent„
542 2933 634 2976 unum
645 2916 757 2979 bellum
768 2935 878 2979 annum
888 2918 948 2978 iam
959 2918 1078 2978 tertium
1085 2916 1173 2986 trabi,

215 2998 244 3052 et
272 2992 404 3054 eonsrdto
434 2995 511 3058 male
538 3001 617 3077 geri,
649 3007 681 3062 ut
701 3003 809 3063 diutius
832 3008 945 3080 gerant
981 3002 1014 3061 in
1037 3007 1174 3078 quattuor

213 3074 410 3140 deindebelle
425 3097 485 3141 uno
497 3081 606 3145 dilectu
627 3088 772 3148 exercitus
793 3087 919 3164 scriptos
940 3092 970 3146 et
979 3102 1089 3163 pueros
1100 3102 1174 3163 quo·

178 3173 196 3225 8
213 3177 271 3238 que
285 3180 320 3223 ac
335 3181 423 3225 senes
440 3172 595 3230 extractos.
628 3167 764 3231 iam'non
784 3171 901 3232 aestatis
920 3187 977 3230 nec
992 3168 1098 3230 hiemis
1114 3167 1160 3230 dis

212 3245 327 3307 crimen
350 3266 430 3319 esse,
453 3267 491 3310 ne
513 3250 572 3312 ulla
597 3253 681 3330 quies
702 3270 841 3331 umquam
860 3254 987 3314 miserae
1011 3251 1092 3331 plebi
1120 3253 1190 3334 site,

213 3345 288 3408 quae
304 3349 383 3392 nunc
401 3334 488 3393 etiam
506 3335 655 3413 vectigalis
676 3336 712 3397 ad
734 3336 868 3399 ultimum
881 3337 957 3397 lacta
979 3337 1033 3406 sit,
1057 3343 1090 3397 ut
1104 3352 1174 3396 curn

177 3422 196 3475 t
214 3413 347 3476 contecta
361 3413 479 3486 labore,
495 3415 681 3490 vulneribus,
695 3427 846 3498 postremo
861 3427 955 3482 aetate
970 3437 1097 3500 corpora
1111 3426 1175 3480 ret·
