2580 3954
189 231 251 294 230
365 243 461 286 nmen
477 245 520 286 ιν.
539 244 609 286 our.
624 236 666 289 35.
688 228 729 304 [a.
747 246 775 285 n.
795 246 821 286 c.
838 225 967 300 but-331]

157 407 168 459 1
251 393 362 455 XXXV.
391 393 554 474 Insequens
571 411 665 456 annus
683 391 818 454 tribunos
840 355 982 454 militares
997 391 1152 454 consulari

190 485 332 546 potestate
348 477 455 539 babuit
468 477 501 539 m
519 478 729 556 Sempronium
742 475 909 538 Atratinum
925 475 957 536 L.
976 473 1152 545 Quinctium

190 563 393 623 Cincinnatum
410 561 442 623 L.
458 561 582 622 Furium
602 559 795 622 Medullinum
811 560 844 620 L.
860 561 1015 620 Horatium
1034 559 1153 621 Bnrba-

155 659 260 721 ptum.
294 645 463 707 Veientibus
480 663 627 706 annorum
641 643 741 721 riginti
752 643 884 705 indutiae
899 643 984 704 datae
995 649 1025 705 et
1038 645 1153 721 Aequis
1271 673 1272 726 p

191 729 324 798 triennii,
346 747 415 790 cum
431 728 562 807 plurium
583 745 729 800 annorum
743 729 895 804 petissent.
932 733 962 788 ot
977 725 1013 788 ab
1028 727 1149 789 seditio·

190 813 277 874 nibus
295 811 418 874 urbanis
433 815 526 872 otium
538 812 602 873 tut.

154 913 170 968 a
250 899 367 956 Annum
391 897 614 974 insequentem,
635 913 733 974 neque
754 893 834 956 bello
855 895 928 956 loris
948 912 1044 973 neque
1064 895 1152 957 domi

94 983 98 989 '
187 980 331 1042 seditione
352 980 515 1057 insignem,
536 978 599 1039 ludi
620 977 698 1040 bello
719 980 779 1039 croti
797 977 947 1040 celebrem
966 988 995 1040 et
1014 978 1152 1040 tribuno·

186 1071 255 1124 rum
273 1061 398 1123 militum
423 1068 566 1142 apparatu
596 1069 625 1123 et
647 1063 838 1123 finitimorum
866 1079 1015 1123 concursu
1040 1063 1151 1124 iecere.

153 1145 298 1208 ttribuni
323 1146 472 1208 consulari
498 1153 642 1226 potestate
669 1151 755 1208 erant
777 1148 833 1222 Ap.
859 1145 998 1208 Claudius
1027 1146 1152 1208 Crassus

186 1231 312 1310 Spurius
334 1229 457 1292 Nautius
479 1230 595 1293 Rutilus
615 1230 648 1291 L.
669 1229 790 1307 Sergius
816 1229 942 1290 Fidenas
966 1229 1032 1291 Sex.
1056 1228 1153 1291 lulius

186 1313 276 1376 Iulus.
307 1315 510 1393 spectaculum
531 1316 667 1376 comitate
689 1315 777 1375 etiam
801 1314 977 1391 hospitium,
1001 1313 1152 1391 adquam

151 1415 168 1466 5
186 1405 400 1460 consenserant
421 1399 544 1459 consilio
565 1397 701 1475 publico,
723 1397 843 1458 advenis
858 1396 970 1474 gratius
991 1397 1055 1458 luit.
1083 1404 1153 1475 post

187 1479 272 1542 ludos
288 1483 442 1542 contiones
453 1481 608 1542 seditiosae
625 1479 814 1541 tribunorum
823 1479 904 1559 plebi
915 1481 1038 1542 suerunt
1048 1479 1152 1541 obiur-

151 1565 317 1641 agantium
343 1563 577 1634 multitudinem,
604 1563 683 1642 quod
708 1564 903 1626 admiratione
926 1581 1045 1634 eornm,
1074 1581 1152 1642 quos

186 1645 329 1716 odissent,
355 1654 477 1725 stupens
495 1649 527 1710 in
548 1654 670 1710 aeterno
692 1666 725 1710 se
746 1648 810 1726 ipsa
824 1653 943 1710 teneret
960 1649 1094 1718 servitio,
1121 1655 1150 1710 et

184 1748 244 1791 non
260 1731 348 1791 modo
362 1731 398 1792 ad
410 1749 493 1809 spem
509 1731 678 1794 consulatus
692 1731 724 1791 in
736 1739 851 1811 partem
862 1732 1058 1792 revocandam
1070 1733 1150 1810 aspi-

184 1833 253 1875 rare
277 1831 339 1875 non
367 1815 504 1885 auderet,
530 1817 643 1878 sedne
669 1817 701 1875 in
726 1815 854 1876 tribunis
877 1814 998 1893 quidem
1024 1815 1150 1876 militum

186 1898 337 1968 creandis,
361 1916 437 1976 quac
456 1903 624 1962 communia
646 1907 746 1961 essent
765 1900 883 1960 comitia
903 1906 1022 1976 patrum
1038 1917 1072 1959 ac
1085 1898 1149 1978 ple-

150 1994 167 2046 7
185 1981 245 2052 bis,
266 1989 317 2043 aut
338 1984 386 2044 sui
405 1991 456 2043 aut
474 2001 598 2045 snorum
615 1983 806 2046 meminisset.
835 1983 986 2044 desineret
1005 1999 1076 2060 ergo
1094 1983 1149 2042 mi·

184 2067 263 2136 rari,
286 2083 340 2126 cur
356 2084 446 2128 nemo
468 2067 505 2128 de
527 2067 689 2128 commodis
710 2065 806 2144 plebis
827 2071 938 2144 ageret.
971 2085 1007 2126 eo
1026 2067 1148 2144 inpendi

185 2147 318 2210 laborem
334 2167 368 2209 ac
388 2151 571 2229 periculum,
593 2151 671 2211 unde
693 2149 923 2212 emolumentum
945 2156 1034 2227 atque
1052 2148 1148 2210 bonos

183 2239 335 2310 speretur:
353 2233 427 2292 nibil
442 2250 503 2294 non
518 2235 712 2312 adgressuros
727 2233 879 2306 homines,
895 2234 921 2296 si
936 2251 1044 2310 magna
1059 2251 1148 2293 eona·

150 2322 167 2374 8
184 2317 222 2376 tis
235 2333 341 2392 magna
356 2317 488 2394 praemia
503 2323 718 2398 proponantur.
748 2323 781 2378 ut
796 2318 916 2396 quidem
931 2315 1039 2394 aliquis
1054 2316 1147 2378 tribu·

184 2416 240 2460 nus
257 2398 354 2478 plebis
372 2408 440 2461 ruat
456 2419 561 2464 caecus
583 2403 614 2462 in
630 2403 790 2463 certamina
805 2400 940 2480 periculo
957 2401 1070 2479 ingenti
1085 2403 1147 2460 fru-

184 2488 234 2543 ctu
254 2483 350 2554 nullo,
373 2503 409 2546 ex
430 2485 538 2566 quibus
559 2503 615 2565 pro
639 2491 720 2546 certo
742 2485 851 2547 babeat
864 2492 979 2564 patres,
1005 2485 1146 2546 adversus

184 2584 258 2646 qnos
282 2569 434 2639 tenderet,
463 2567 542 2630 bello
562 2567 732 2647 inexpiabili
760 2588 792 2632 se
813 2577 1040 2648 persecuturos,
1068 2569 1146 2646 apud

182 2649 319 2728 plebem,
334 2669 390 2730 pro
406 2669 465 2729 qua
479 2653 676 2722 dimicaverit,
688 2652 780 2713 nihilo
792 2671 825 2714 se
836 2652 1060 2714 honoratiorem
1071 2653 1144 2722 lore,

148 2747 166 2799 t
183 2751 279 2812 neque
294 2735 475 2813 sperandum
490 2753 588 2814 neque
608 2736 816 2814 postulandum
828 2755 912 2809 esse.
942 2753 1067 2813 magnos
1083 2737 1145 2796 ani-

183 2833 246 2877 mos
260 2820 374 2896 magnis
396 2818 560 2880 bonoribus
583 2820 657 2881 lieri.
690 2821 839 2882 neminem
855 2839 887 2881 se
906 2818 1059 2899 plebeium
1074 2836 1144 2880 con·

183 2907 379 2978 tempturnm,
409 2901 460 2960 ubi
483 2904 634 2974 contemni
656 2903 808 2965 desissent.
844 2903 1058 2981 experiundam
1080 2921 1143 2964 rem

183 2983 311 3060 denique
335 2985 366 3044 in
381 3001 441 3045 uno
454 2991 504 3044 ant
518 2985 611 3047 altero
630 3005 712 3057 esse,
733 2989 809 3048 sitne
832 2987 922 3063 aliqui
944 2984 1080 3064 plebeius
1101 2987 1144 3046 le·

183 3067 276 3128 rende
294 3085 400 3145 magno
419 3067 543 3139 honori,
568 3088 606 3130 an
621 3077 759 3148 portento
774 3070 870 3132 simile
885 3069 1089 3148 miraculoque
1107 3070 1145 3130 sit

182 3151 290 3216 fortem
301 3169 335 3212 ac
346 3158 501 3214 strenuum
513 3154 609 3214 virum
618 3153 745 3232 aliquem
755 3155 881 3216 existere
893 3159 992 3214 ortum
1002 3172 1038 3214 ex
1046 3152 1137 3232 plebe·

134 3248 166 3304 ιο
182 3251 296 3295 summa
310 3235 337 3295 vi
352 3243 552 3316 expugnatum
569 3256 649 3308 esse,
672 3244 704 3297 ut
720 3236 832 3298 tribuni
853 3236 979 3298 militum
994 3235 1144 3298 consulari

181 3322 326 3402 potestate
348 3325 378 3381 et
398 3338 434 3381 ex
449 3319 537 3399 plebe
552 3327 735 3384 crearentur.
769 3324 879 3400 petisse
898 3321 977 3381 viros
995 3321 1075 3380 donni
1090 3321 1143 3381 mi·

181 3399 319 3479 litiaeque
334 3409 497 3480 spectatos:
513 3405 617 3482 primis
632 3406 716 3466 annis
731 3404 903 3484 suggillatos
919 3403 1056 3483 repulsos
1069 3405 1143 3464 rison

180 3481 314 3562 patribus
335 3485 442 3556 luisse:
467 3487 579 3549 desisse
598 3494 749 3565 postremo
769 3487 916 3568 praebere
939 3487 976 3548 ad
991 3492 1143 3548 contume-
