2572 3956
339 185 436 231 nmen
449 188 485 230 11.
512 187 587 242 can..
600 181 625 234 6.
641 181 668 236 7.
697 171 740 252 [a.
758 173 792 233 O.
809 177 874 265 509]
1043 185 1083 247 69

125 345 181 408 est,
196 335 313 400 obviam
327 334 405 399 hosti
416 335 554 400 eonsules
569 345 653 399 eunt:
669 337 802 402 Valerius
813 341 955 418 quadrato
967 347 1083 423 agmine
1100 367 1117 417 o

124 421 258 500 peditem
272 420 368 488 incita
390 419 506 482 Bruma
520 421 558 482 ad
573 419 786 499 explorandum
800 441 868 484 oum
883 428 1013 502 equitatu
1031 447 1082 492 an·

125 505 253 584 tecessit
280 503 386 568 eodem
402 503 491 566 medo
504 504 618 582 primus
635 521 726 582 eques
739 503 868 568 hostium
882 511 1006 586 agurirtis
1017 511 1081 582 init,

123 595 264 666 praeerat
279 587 392 650 means
406 586 594 664 Tarquinius,
610 583 688 649 iilius
703 589 798 668 regim
813 608 868 654 rex
883 591 948 670 ipse
960 611 1028 654 cum
1038 594 1081 656 le.

124 669 263 748 monibus
278 668 468 748 sequebatur.
483 671 597 732 Arruns
612 669 665 732 ubi
679 690 716 732 ex
726 669 880 736 lictoribus
891 675 997 754 procui
1009 696 1081 738 eon·
1099 698 1114 746 7

123 753 226 817 sulem
240 773 322 825 esse,
343 753 451 818 deinde
471 753 531 816 iam
553 755 677 834 propius
693 773 727 816 ae
745 757 855 818 certitu
870 757 945 820 faeie
962 777 1080 841 quoque

122 835 249 902 Brutum
261 836 613 916 cognominummatns
623 840 667 901 ira
680 837 749 910 „ilie
762 846 806 904 est
817 841 881 900 vir“
892 843 997 920 inquit,
1009 849 1081 922 „qui

123 937 180 984 nos
194 929 328 986 externas
341 919 455 998 expulit
471 921 575 1000 patria.
593 923 657 1000 ipse
677 939 715 983 en
729 921 779 985 iiie
797 926 906 986 nostris
924 923 1080 990 decoratus

124 1004 289 1082 insignibus
310 1003 466 1082 magnifiee
484 1005 605 1068 incedit
638 1001 668 1067 di
692 1023 798 1084 regum
815 1005 927 1068 nitores
946 1009 1113 1071 adester‘a

123 1090 253 1152 conciet
266 1086 432 1150 calcaribus
446 1105 555 1167 equum
570 1094 658 1166 atque
673 1089 729 1150 ini
752 1107 817 1150 sum
828 1089 953 1154 infestus
971 1110 1078 1154 eonsu-

121 1170 182 1237 lem
199 1172 315 1250 derigit.
336 1173 429 1234 sensit
443 1172 474 1234 in
489 1190 525 1236 se.
537 1171 576 1234 iri
590 1170 708 1234 Brutus.
725 1107 867 1260 generum
881 1181 944 1236 erat
958 1181 1021 1236 tum
1032 1177 1078 1256 ip·

122 1257 163 1318 sis
185 1273 339 1334 capessere
352 1271 483 1334 pugnam
497 1252 637 1326 ducibus,
662 1254 744 1318 aride
759 1257 857 1334 itaque
874 1276 907 1320 se
924 1259 1079 1319 certamini

122 1339 223 1402 eiiert:
239 1339 373 1416 adeoque
386 1337 501 1400 iniectis
517 1339 623 1400 animis
635 1345 861 1410 concurrerunt,
879 1347 994 1411 neuter,
1007 1341 1077 1402 dum
1094 1361 1111 1412 n

121 1421 237 1486 hostem
260 1421 442 1492 uolneraret,
467 1423 514 1484 sui
538 1422 713 1500 protegendi
737 1423 873 1503 corporis
890 1441 1021 1494 memor,
1046 1433 1077 1485 ut

122 1507 271 1568 contrario
298 1506 358 1566 ictu
381 1523 436 1584 per
460 1520 594 1585 parmam
618 1512 744 1583 uterque
765 1502 938 1577 castius,
962 1506 1076 1570 duabus

120 1589 279 1652 haerentes
297 1587 389 1650 hastis
409 1588 580 1650 moribundi
599 1608 636 1650 ex
657 1590 741 1668 equis
754 1588 830 1668 tapsi
844 1591 911 1650 sint.
940 1589 1029 1650 simui
1047 1599 1077 1653 et

122 1679 221 1736 cetera
242 1673 392 1750 equestris
412 1689 510 1750 pugna
530 1673 644 1752 coepit,
666 1689 763 1750 neque
784 1674 823 1734 ita
843 1671 935 1734 multo
955 1681 1024 1753 post
1047 1684 1078 1736 et
1096 1679 1127 1733 lo

120 1756 235 1836 pedites
255 1757 474 1834 superveniunt.
513 1753 556 1816 ibi
579 1756 659 1816 varia
686 1757 808 1816 victoria
828 1762 857 1821 et
879 1753 957 1817 velut
979 1773 1075 1835 aequo

120 1839 212 1902 Marte
233 1845 394 1918 pugnatum
415 1845 473 1902 est:
509 1839 629 1901 dextera
650 1840 797 1916 utrimque
826 1857 937 1900 cornua
965 1841 1074 1911 vicere,

120 1921 202 1986 laeua
216 1929 362 2001 superata.
382 1923 530 1992 Veientes,
549 1922 626 1989 rinei
641 1919 677 1984 ab
693 1917 832 1984 Romano·
842 1921 934 1983 milite
950 1923 1072 1996 adsueti,
1094 1931 1121 1985 lt

120 2005 177 2070 itui
197 2007 362 2084 iugatiqnm
391 2005 629 2086 Tarquiniensis,
656 2023 749 2066 nevus
775 2005 882 2078 hostis,
909 2022 970 2066 non
995 2009 1075 2068 stetit

120 2089 224 2159 solum
239 2089 290 2150 sed
309 2090 396 2150 etiam
410 2089 447 2154 ab
463 2107 516 2152 sua
530 2096 614 2168 parte
630 2086 795 2152 Romanurn
809 2092 931 2170 pepulit,

180 2171 239 2234 vii.
266 2171 309 2234 Ita
330 2191 397 2234 eum
420 2181 583 2252 pugnaturn
601 2179 693 2243 esset,
715 2179 813 2234 tantus
833 2182 932 2233 terror
947 2171 1072 2251 Tarqui·
1094 2175 1106 2225 l

120 2258 203 2320 nium
221 2263 308 2334 atque
329 2255 470 2320 Etruscos
491 2257 628 2328 incessit,
648 2263 680 2316 nt
703 2257 810 2318 omissa
830 2257 919 2317 inrita
936 2274 970 2320 re
985 2264 1073 2318 noete

120 2339 206 2403 emto
227 2342 388 2412 exereitum,
412 2341 521 2402 Veiens
540 2337 836 2418 Tarquiniensisque,
858 2359 926 2402 suas
948 2341 1073 2418 quisque

120 2423 237 2486 uiuent
255 2423 368 2486 domos.
403 2423 535 2486 adiciunt
553 2421 695 2484 miracula
715 2422 785 2484 huic
801 2439 932 2502 pugnae:
955 2422 1072 2484 silentio
1089 2436 1107 2484 2

120 2508 271 2587 proximae
283 2508 379 2568 noctis
397 2526 433 2570 ex
446 2507 521 2568 silva
533 2506 618 2566 Arsia
632 2507 782 2584 ingentem
799 2503 907 2568 editam
922 2522 1024 2567 vocem
1034 2539 1069 2549 -

121 2591 228 2654 suvant
247 2609 351 2652 uocem
372 2609 437 2654 eam
459 2589 672 2658 ereditam-,
699 2587 774 2650 haec
799 2589 889 2649 diota:
917 2604 976 2646 nno
1004 2585 1072 2666 pius

119 2673 283 2736 Tuscorum
298 2675 440 2738 eccidisse
454 2676 487 2742 in
503 2674 583 2744 acie;
601 2673 720 2734 vincere
734 2669 815 2734 hello
829 2671 1003 2733 Romanum.
1032 2671 1071 2731 ita
1090 2681 1106 2734 a

120 2767 200 2818 certe
220 2757 289 2818 inde
311 2756 412 2820 abiere
426 2758 553 2820 liemani
566 2764 599 2818 ut
615 2757 757 2827 victores,
772 2755 890 2818 Etrusci
907 2772 963 2834 pro
979 2755 1070 2815 victis.

120 2847 351 2924 campostquam
361 2840 476 2913 induxit,
492 2859 550 2906 neo
562 2839 855 2920 quisquamhostium
867 2840 899 2900 in
911 2845 1071 2916 conspectu

121 2929 197 2993 erat,
212 2923 245 2986 P.
261 2923 395 2988 Valerius
409 2924 513 2988 consul
528 2923 621 3005 spolia
639 2923 726 3006 legit,
741 2922 985 3002 triumphansque
1001 2921 1070 2982 inde

119 3006 242 3068 Remmr
254 3008 352 3072 rediit
369 3008 501 3087 coiieqae
517 3009 606 3072 funus
620 3014 729 3086 quanto
743 3014 806 3068 tum
820 3008 915 3086 potnit
929 3011 1069 3084 apparato
1090 3005 1105 3052 ⁴

119 3090 203 3158 iecitt
218 3091 272 3154 sed
284 3091 377 3156 multo
395 3095 489 3158 maius
506 3093 596 3154 morti
611 3091 702 3154 decus
716 3089 836 3170 publiea
850 3087 905 3150 init
919 3087 1071 3156 maestitia,

120 3191 155 3236 eo
177 3181 245 3238 aute
265 3177 363 3238 omnia
383 3175 522 3254 insignis,
545 3177 615 3254 quia
629 3181 781 3238 matronae
796 3189 905 3234 annum
920 3177 952 3231 ut
964 3184 1072 3250 paren-

120 3263 179 3320 tem
200 3275 268 3323 eum
291 3256 446 3331 luxerant,
469 3259 550 3337 quod
566 3266 629 3320 tam
641 3273 712 3318 acer
726 3255 805 3321 ultor
821 3253 943 3316 violatae
957 3253 1072 3334 pudici·
1147 3283 1153 3305 ι

120 3341 175 3404 tiae
189 3341 301 3404 inisset

180 3423 299 3488 consui
318 3423 440 3498 deiude,
468 3427 519 3504 qui
539 3425 740 3504 superfuerat,
774 3429 807 3485 ut
829 3429 898 3484 sunt
917 3422 1071 3486 mutabiles
1088 3435 1105 3488 c
