2522 3954
260 241 307 288 DE
329 240 401 288 'rm
423 232 511 287 L1v11
532 239 616 287 vlrn
638 241 682 289 ΕΤ
701 241 864 292 sceleris.
1009 247 1046 294 nl

84 402 205 470 Quorum
226 405 434 474 praeceptorum
454 414 515 455 curn
534 396 637 456 nullnrn
656 397 714 455 lere
734 398 823 456 Livius
844 400 983 476 negligere
1001 420 1046 460 ve·

84 485 226 542 miseeret
242 484 351 540 eosdem
366 481 467 538 iudices
484 481 586 538 videret
601 479 686 538 multa
701 482 734 539 ab
750 481 890 548 historice,
905 502 972 558 eptae
988 486 1047 544 eius

84 585 143 625 esse
158 583 233 624 nune
244 573 383 642 putantur,
395 583 450 622 nen
465 564 605 640 postulare
624 566 671 622 sed
685 565 838 641 antiquario
851 566 976 642 delegare
985 563 1046 642 ¹⁴⁰),

84 653 176 726 potuit
193 667 266 714 sane,
283 650 305 706 si
320 649 363 706 bis
377 649 459 706 rebus
475 656 579 706 tanturn
592 666 646 706 neu
663 649 788 708 omnihus
803 651 918 715 emissis,
935 653 1047 710 maxime

85 738 110 792 in
129 735 214 793 rebus
228 734 315 809 gestis
330 733 487 790 enarrandis
501 731 676 796 elaborasset,
693 741 720 790 et
734 734 875 799 rationem,
891 752 944 810 qua
955 746 1047 792 essent

84 827 177 894 gestae
190 818 368 893 exposuisset,
381 817 516 873 interdum
530 815 688 890 „regionem
702 825 749 874 aut
760 835 878 892 pugnam
887 817 1051 894 descripsis'

84 912 140 966 set,
160 901 373 976 interposuisset
387 899 468 958 etiam
483 899 625 958 contiones
640 908 668 957 et
684 901 889 960 adhortationes
897 911 914 934 ‘¹
922 896 981 977 147),
997 921 1047 978 po·

83 985 268 1061 puleiumque
284 992 313 1041 et
327 983 465 1042 hominum
481 981 595 1041 consilia
606 993 634 1040 et
644 1001 734 1043 meres
746 1002 802 1042 nen
819 1003 872 1043 une
884 986 946 1044 leco
962 987 1048 1062 signi·

84 1070 201 1132 beasset,
220 1085 304 1142 eaque
324 1067 413 1124 onmia
435 1066 567 1124 erationis
587 1065 722 1142 elegantia
739 1077 768 1125 et
783 1077 881 1127 ornatu
895 1070 1046 1135 extulisset,

84 1171 134 1211 sue
143 1153 206 1210 inre
221 1167 332 1226 sperare
344 1151 412 1215 lere,
423 1158 455 1208 ut
471 1167 554 1226 opera
569 1168 619 1208 sua
633 1151 773 1226 plerisque
787 1161 869 1227 atque
884 1155 965 1213 etiam
980 1171 1046 1229 pru·

83 1236 211 1294 dentibus
227 1234 336 1291 arbitris
350 1235 521 1309 prebaretur.

142 1321 235 1394 Atque
251 1318 303 1377 bec
320 1318 441 1392 quidem,
459 1318 533 1392 quod
550 1326 706 1392 speraverat
724 1320 830 1383 bivine,
849 1322 874 1378 ei
888 1321 1045 1396 contigisse,

84 1413 113 1462 ut
127 1403 242 1461 summis
255 1401 380 1460 laudibus
394 1403 492 1476 dignus
507 1402 655 1459 haberetur
668 1419 749 1478 supra
764 1411 807 1460 est
820 1403 936 1468 dicturm
958 1421 1046 1479 neque

84 1497 172 1546 tamen
198 1494 345 1562 propterea
366 1487 424 1543 eius
442 1486 558 1544 historia
573 1486 703 1560 perlectis
720 1486 896 1562 Thucydidis,
914 1487 1045 1552 Sallustii,

84 1571 169 1630 Taciti
188 1570 317 1646 operibus
335 1570 369 1627 ad
384 1569 504 1628 rationes
519 1578 547 1627 et
561 1577 705 1645 praecepta
722 1572 788 1628 artis
812 1571 956 1630 historicae
974 1587 1046 1630 cem·

83 1655 191 1730 positis,
207 1661 301 1729 petest
315 1655 434 1729 aequari.
467 1654 540 1712 liano
556 1653 663 1712 laudem
678 1671 732 1729 que
747 1655 836 1710 minus
851 1655 1042 1729 adipisceretur

83 1757 113 1796 ea
135 1738 325 1813 impediebant,
345 1755 413 1812 quae
428 1755 511 1813 supra
527 1738 746 1800 commemoravi,
763 1739 836 1812 qued
852 1756 940 1812 neque
955 1739 1046 1796 lentes

84 1839 171 1898 neque
188 1839 233 1879 res
250 1823 323 1897 ipsas
337 1823 403 1879 satis
417 1820 542 1897 cognitas
556 1837 644 1894 neque
662 1821 751 1878 emnia
766 1822 803 1879 ita
818 1821 952 1896 disposita
965 1821 1038 1878 habe

84 1907 143 1970 hat,
159 1915 192 1963 nt
209 1922 263 1979 que
283 1906 402 1980 quidque
416 1905 487 1968 leee,
505 1914 534 1961 ut
547 1913 620 1962 recte
638 1902 839 1978 intelligeretur
855 1913 882 1962 et
896 1902 1046 1961 illustrare·

83 2000 137 2053 tur,
155 1988 345 2048 collocandum
357 1998 431 2047 esset
446 1987 622 2063 perspiceret.
649 1986 701 2043 Sed
720 1987 806 2062 magis
823 1988 904 2045 etiam
920 1987 1047 2046 obstabat

83 2075 182 2148 iugens
204 2072 289 2130 moles
311 2090 395 2149 paene
417 2071 536 2128 infinitae
559 2070 687 2126 materiae
708 2079 736 2127 et
759 2079 812 2128 tam
826 2072 930 2136 variae,
952 2079 984 2129 ut
1003 2072 1047 2128 vir

83 2166 146 2232 apte
169 2156 294 2231 partibus
314 2155 440 2214 distribui
455 2163 483 2211 et
505 2171 560 2212 uuo
581 2155 658 2228 quasi
675 2153 782 2212 mneulo
805 2155 998 2229 comprehendi
1013 2157 1046 2211 ad

83 2257 222 2316 unumque
236 2237 381 2298 consilium
397 2238 495 2296 referri
510 2244 620 2314 posset,
639 2245 679 2302 et,
694 2238 717 2294 si
733 2238 790 2295 fieri
806 2239 956 2314 potuisset,
971 2247 1046 2295 certe

83 2324 174 2382 Livius
197 2331 274 2380 tauto
298 2324 375 2380 oneri
396 2323 483 2398 impar
508 2321 573 2385 luit,
604 2321 651 2396 qui
670 2329 775 2379 tantum
791 2323 885 2380 aberat
901 2331 931 2380 ut
955 2339 1046 2397 eperrs

85 2409 186 2482 incepti
202 2407 331 2464 ambitum
347 2414 500 2480 tantamque
514 2422 605 2462 rerum
626 2405 679 2461 rim
694 2407 942 2480 comprehenderet,
958 2415 990 2462 nt
1003 2407 1045 2462 vix

85 2493 180 2566 quinta
194 2499 272 2565 parte
291 2489 414 2547 absoluta
430 2490 463 2546 de
477 2490 643 2548 increscente
657 2488 729 2545 mele
747 2506 871 2563 querens,
887 2489 930 2545 his
946 2489 1045 2552 verbis,

66 2621 68 2626 .
85 2575 185 2649 quibus
201 2591 235 2630 ne
250 2591 281 2631 ea
299 2574 415 2647 quidem,
438 2591 505 2647 quae
522 2579 687 2646 sequuntur.
705 2581 805 2645 quanta
821 2573 876 2628 sint
893 2589 924 2629 se
939 2571 1045 2648 perspi·

84 2675 134 2716 cuc
152 2658 243 2714 videre
259 2657 374 2721 fatetur,
393 2658 426 2714 ad
443 2656 548 2730 reliqua
568 2656 715 2712 enarranda
735 2673 764 2713 se
785 2657 874 2731 ipsum
888 2655 1044 2714 confirmat:

84 2759 145 2806 „me
158 2758 269 2815 queque
280 2741 361 2804 iuvat,
375 2740 449 2798 velut
459 2740 517 2816 ipse
531 2740 558 2796 in
565 2748 643 2814 parte
655 2738 756 2796 laboris
768 2758 799 2798 ac
811 2741 926 2816 periculi
937 2741 1044 2804 luerim,

85 2826 116 2882 ad
130 2824 211 2882 linem
225 2824 290 2881 belli
300 2824 394 2882 Punici
409 2825 578 2900 pervenisse:
594 2839 654 2881 nam
668 2823 721 2880 etsi
736 2824 859 2899 profiteri
874 2841 970 2882 arreum
983 2841 1045 2898 per·

85 2911 251 2983 scripturum
273 2925 318 2965 res
341 2925 434 2965 omnes
461 2908 593 2965 Romanas
629 2908 656 2964 in
684 2909 805 2983 partibus
833 2907 949 2983 singulis
978 2908 1045 2965 tanti

86 2993 177 3066 operis
193 2992 302 3065 fatigari
320 2993 428 3050 minime
443 2992 595 3056 conveniet,
615 3000 826 3054 tamen,oum1n
842 3001 957 3050 mentem
973 2991 1046 3049 venit

153 3171 211 3235 146)
225 3174 274 3224 hd.
288 3174 338 3224 Cic.
352 3173 409 3223 bed.
422 3181 482 3237 pest.
495 3172 511 3226 l,
526 3169 550 3228 3.
562 3168 580 3220 9
591 3171 719 3222 Varronem
731 3173 828 3223 laudens
841 3179 881 3228 „tn
893 3173 969 3234 inquit
982 3177 1044 3220 aeta·

85 3250 130 3292 tem
142 3242 273 3306 partricem
285 3240 454 3304 descriptiones
466 3247 602 3303 temporum,
611 3246 634 3288 tu
646 3253 768 3288 sacrorum
780 3241 839 3294 iera,
851 3247 876 3288 tu
888 3238 1044 3296 sacerdotum,

86 3319 108 3357 tu
119 3309 282 3365 domesticam,
294 3315 319 3358 tu
330 3307 440 3357 bellicam
452 3307 608 3370 disciplinam,
626 3312 649 3355 tn
662 3305 742 3356 sedern
753 3307 882 3367 reponem,
894 3307 1007 3363 locorum,
1021 3313 1044 3354 tn

85 3377 188 3426 emnium
201 3376 332 3426 divinarum
344 3375 542 3438 humanarumque
553 3387 630 3422 rernm
642 3374 745 3429 nemina,
758 3388 850 3434 genera,
862 3374 950 3431 ethela,
962 3385 1043 3423 causes

85 3443 267 3559 ερεηιῧιξῇἔῐ.
281 3442 482 3558 Ρὸίοτὶξρέἓίιεη
494 3457 517 3504 p.
531 3441 561 3490 tx
573 3453 638 3503 sqq.·
651 3439 724 3490 Trina
737 3457 759 3504 p.
773 3439 822 3491 337
835 3455 871 3504 sq.

203 3507 212 3570 l
245 3523 277 3559 re.
313 3525 332 3558 r.
366 3546 393 3566 .,
440 3545 446 3557 .
852 3575 891 3632 d‘
