2572 3956
215 231 256 292 56
361 245 455 286 arnan
468 243 489 284 1.
523 243 594 286 oar.
608 235 652 290 54.
668 235 711 289 55.
746 223 784 307 [a.
799 245 829 284 u.
845 245 869 284 o.
886 223 1015 306 nno-244]

215 391 322 456 dubiae
337 393 406 454 fidei
419 390 586 460 videbatur,
602 389 676 450 nibil
690 409 761 453 vooe
777 409 953 470 responsum
967 399 1019 454 est.
1051 410 1106 454 rex
1118 411 1166 456 re·

215 475 259 540 lut
285 475 534 538 deliberabundus
561 476 592 534 in
616 474 735 536 horbam
757 475 873 536 aedium
896 479 1002 536 transit
1025 485 1166 553 mqnente

215 561 319 622 nuntie
334 559 403 628 dlii;
419 559 461 619 ibi
479 555 665 618 inambulans
679 560 788 620 taeitos
803 576 916 618 surnma
927 577 1106 636 papaverum
1117 579 1166 622 oa·

180 645 274 723 rpite
291 643 399 704 dieitur
420 641 527 704 haemo
542 641 718 707 decessisse.
748 642 957 718 interrogando
972 645 1167 721 expectando·

214 745 272 805 que
286 744 462 805 responsum
476 726 596 786 nuntius
610 724 721 794 lessus,
737 732 817 786 utre
831 725 1004 802 inperfecta,
1019 727 1097 788 redit
1110 729 1167 788 Ga·

213 809 294 881 bion,
313 827 392 886 quaa
413 809 521 870 dixerit
542 809 606 886 ipse
629 824 764 886 quaeque
783 807 903 878 viderit,
925 809 1033 870 refert:
1056 827 1109 870 seu
1123 811 1168 870 ira

213 913 266 956 sau
289 894 356 954 odio
378 911 432 954 seu
453 890 593 972 superbia
615 892 701 952 insita
716 893 835 968 ingenio
851 891 962 952 nullam
984 911 1051 953 eum
1066 911 1169 954 rocem

179 992 197 1044 8
214 979 356 1040 emisisse.
390 977 480 1038 Seno
494 975 555 1046 ubi,
571 975 642 1052 quid
657 975 744 1036 vellet
760 991 877 1053 perena,
895 975 1001 1052 quidve
1015 977 1168 1054 praecipe·

212 1070 259 1123 rat
269 1061 364 1122 tacitis
375 1059 557 1137 ambagibus,
575 1061 677 1138 patuit,
689 1060 836 1137 primores
847 1059 971 1120 civitatis
983 1059 1168 1120 criminando

213 1144 287 1206 alios
308 1143 385 1222 apud
409 1143 568 1222 populum,
589 1141 662 1204 alios
682 1161 735 1204 sam
756 1143 837 1219 ipsos
858 1142 965 1204 invidia
985 1151 1167 1220 opportunos

212 1229 369 1289 interemit.
391 1227 475 1288 multi
490 1226 596 1306 palam,
615 1225 742 1303 quidam,
756 1227 790 1286 in
806 1223 913 1301 quibus
923 1228 1021 1286 minus
1036 1227 1167 1304 spetiosa

178 1321 196 1374 a
213 1313 379 1372 criminatio
393 1317 459 1372 erat
472 1311 580 1381 futura,
599 1309 674 1372 olam
689 1309 848 1371 interiecti.
879 1312 973 1388 patuit
994 1309 1167 1387 quibusdam

212 1393 482 1471 volentibus‘fuga,
504 1395 604 1454 autin
627 1392 747 1454 exilium
768 1394 923 1464 rotisunt,
945 1391 1169 1470 absentiumque
1276 1419 1277 1446 t

165 1489 195 1544 to
212 1477 289 1538 bona
305 1479 384 1538 iuxta
402 1485 489 1554 atque
506 1479 752 1554 interemptorum
765 1477 870 1538 divisui
882 1477 974 1539 lusere.
998 1475 1169 1554 largitiones
1276 1525 1277 1552 3

210 1561 280 1622 inde
292 1561 495 1639 praedaeqna;
509 1568 538 1621 et
548 1558 705 1622 dadoedine
715 1561 822 1638 privati
834 1561 981 1620 commodi
992 1577 1096 1621 sensns
1106 1578 1168 1620 ma·
1276 1589 1277 1594 κ

210 1643 307 1705 lorum
335 1641 523 1722 publicorum
549 1643 652 1713 adimi,
680 1644 775 1705 donec
801 1643 873 1704 orba
896 1644 1020 1704 oonsilio
1045 1643 1167 1704 anxilio·
1250 1659 1277 1697 a*

209 1746 268 1805 qne
286 1727 398 1790 Gabina
414 1745 463 1788 res
476 1728 542 1805 regi
557 1726 690 1788 Romano
707 1729 771 1788 sine
787 1726 845 1787 ulla
863 1729 1051 1788 dimicatione
1063 1729 1094 1786 in
1107 1745 1168 1787 ma·

209 1829 282 1872 num
298 1811 431 1874 traditur.

178 1907 191 1960 1
221 1897 222 1902 ’
270 1894 327 1956 LV.
360 1892 460 1956 Gabiis
479 1895 609 1972 reoeplis
633 1893 811 1970 Tarquinius
834 1912 938 1972 paoem
963 1912 1030 1954 oum
1050 1897 1166 1971 Aequo·
1276 1881 1277 1922 l

208 1996 278 2039 rum
299 1985 386 2056 gente
405 1977 489 2046 lenit,
510 1976 616 2039 loedus
637 1995 705 2040 aum
724 1978 827 2040 Tusois
846 1981 1004 2040 renovavit.
1038 1977 1108 2038 inde
1130 1977 1167 2038 ad
1276 1979 1277 2024 l

208 2062 327 2139 negotia
347 2059 458 2121 urbana
479 2061 611 2122 animun
628 2063 784 2130 conventia
806 2078 933 2138 quorum
951 2069 1014 2122 erat
1026 2063 1166 2140 primum,

207 2150 242 2205 ut
260 2144 337 2205 loris
356 2141 499 2221 templum
523 2145 555 2204 in
576 2152 676 2205 monto
693 2144 821 2222 Tarpeio
836 2152 1058 2206 monument-um
1080 2145 1167 2221 regni

208 2229 255 2288 aad
268 2229 458 2303 nominisque
474 2225 673 2302 relinqueret:
691 2227 869 2304 Tarquinios
885 2245 971 2306 reges
987 2227 1099 2297 ambos,
1114 2245 1166 2304 pa·

174 2327 191 2376 a
207 2318 284 2370 trem
299 2310 427 2377 vonisse,
447 2308 540 2370 ilium
556 2309 726 2386 perfecisse.
759 2320 788 2371 et
801 2319 839 2372 ut
854 2310 946 2372 libera
962 2311 1102 2372 acetaria
1118 2324 1165 2372 re-

205 2391 366 2470 ligionibus
389 2409 457 2452 area
481 2399 557 2454 esset
575 2399 635 2453 tota
657 2393 733 2454 lovis
749 2393 911 2472 templique
925 2397 1004 2466 eins,
1027 2395 1105 2472 quod
1120 2396 1165 2454 in·
1276 2433 1277 2460 q

207 2475 422 2546 aedificaretur,
438 2493 621 2553 exaugurare
635 2478 702 2538 fana
718 2476 885 2554 sacellaque
897 2481 1006 2550 statuit,
1022 2497 1098 2556 quae
1111 2477 1164 2539 ali·

207 2567 279 2637 quot
305 2559 348 2619 ibi
375 2577 392 2619 a
418 2559 451 2619 Τ.
481 2559 564 2620 Tatio
588 2577 661 2638 rege
689 2562 818 2638 primum
845 2563 965 2640 inipso
993 2563 1164 2624 discrimine

207 2643 347 2704 adversus
361 2641 520 2702 Romulum
530 2661 648 2721 pugnae
660 2652 734 2714 vota,
747 2651 920 2706 eonsecrata
931 2647 1165 2724 inaugurataque

173 2737 190 2790 3
206 2732 308 2804 postea
322 2725 448 2786 luerent.
469 2727 546 2786 inter
564 2728 711 2806 principia
727 2728 873 2789 condendi
888 2728 975 2790 buius
990 2730 1089 2808 operis
1101 2747 1164 2788 mo·
1276 2723 1277 2728 ’

206 2809 282 2868 risse
303 2825 414 2868 numen
431 2809 468 2868 ad
483 2808 670 2870 indicandam
694 2813 765 2872 tanti
781 2813 898 2889 imperii
914 2812 1022 2874 molem
1036 2813 1163 2872 traditur
1276 2821 1277 2858 ³

206 2890 293 2958 deos3
315 2909 384 2952 nam
403 2908 471 2950 eum
494 2894 627 2953 omnium
647 2893 823 2956 sacellorum
846 2897 1091 2973 exaugurationes
1113 2897 1163 2958 ad-

173 2991 189 3041 a
207 2975 356 3036 mitterent
370 2992 448 3044 ares,
460 2975 491 3034 in
502 2975 635 3036 Termini
649 2978 718 3038 lano
730 2995 791 3038 non
805 2979 954 3040 addixere.
973 2981 1064 3056 idque
1074 2997 1164 3042 emen

206 3059 421 3136 angulumque
436 3059 476 3118 ita
491 3066 645 3137 aeoeptum
658 3069 710 3131 est,
727 3079 787 3121 non
799 3070 907 3122 motam
919 3063 1052 3124 Termini
1064 3065 1162 3124 sedem

203 3158 356 3218 unumque
378 3158 445 3202 eum
466 3141 591 3204 deorum
604 3161 665 3204 non
680 3152 832 3206 evocatum
847 3147 969 3208 sacratis
983 3146 1042 3209 sibi
1056 3145 1162 3207 linibus

168 3223 288 3290 eflrma
313 3223 486 3302 stabiliaque
512 3233 617 3285 cuneta
643 3227 832 3306 portendere
872 3228 930 3290 boo
958 3231 1164 3310 perpetuitatis

204 3307 336 3384 arnapioio
363 3316 485 3386 aooepto
512 3316 644 3370 moutam
671 3310 750 3371 aliud
783 3313 1017 3391 magnitudinem
1045 3312 1163 3392 imperii

204 3389 385 3468 portendens
407 3391 576 3469 prodigium
592 3400 650 3454 est:
672 3402 761 3472 oapnt
777 3393 940 3456 humanum
957 3398 1072 3475 integra
1086 3397 1163 3456 faeie

169 3481 187 3534 o
203 3470 403 3551 aperientibus
425 3471 614 3536 fundamenta
628 3477 730 3556 templi
750 3478 859 3540 dicitur
874 3482 1065 3558 apparuisse,
1087 3497 1161 3558 quae
