2548 3954
173 193 215 254 46
327 204 424 246 urere
437 204 461 246 1.
490 202 562 245 cnr.
575 193 618 249 te.
634 193 677 248 at.
705 185 744 262 [e.
762 204 791 243 u.
809 204 834 242 c.
850 183 976 260 lic-220]
1005 159 1008 168 Α

175 352 353 414 vocabantur
370 352 468 430 primi,
486 351 634 430 octoginta
649 351 720 414 inde
733 351 848 429 primae
863 348 965 428 classis
976 351 1127 413 centuriae

174 439 303 518 primum
325 437 458 514 peditum
477 433 674 503 vocabantum
696 433 740 496 ibi
759 434 786 495 si
802 434 943 504 variaret,
963 433 1041 511 quod
1056 452 1126 496 raro

174 519 338 590 incidebat,
361 527 393 581 ut
414 519 561 582 secundae
582 517 685 584 classis
702 523 892 587 vocarentur,
913 535 970 578 nec
984 516 1049 580 iere
1062 536 1126 578 urn-

175 623 263 684 quam
284 603 361 666 intra
383 606 423 664 iia
445 602 676 672 descenderent,
698 608 731 661 ut
745 599 782 660 ad
796 599 914 662 infimos
928 602 1125 679 pervenirent.

127 697 157 748 12
175 707 231 750 nec
247 689 350 749 mirari
360 692 478 765 oportet
490 685 570 746 bunc
580 686 725 755 ordinem,
738 685 789 761 qui
799 701 879 744 nune
893 693 938 746 est
950 693 1018 763 post
1027 683 1126 765 exple·

175 781 218 834 tas
239 772 369 850 quinque
393 776 423 830 ot
443 769 562 848 triginta
581 767 677 830 tribus
698 765 847 847 duplicato
873 786 976 828 oarurn
1001 787 1126 830 numero

175 855 316 917 centuriis
331 854 482 914 iuniorum
494 853 721 930 ,seniorumque
742 851 778 913 ad
796 852 957 914 institutam
972 850 1008 912 ab
1023 851 1126 914 Servio

127 945 156 998 1³
174 938 269 1000 Tullio
290 953 435 1000 sununam
448 952 509 996 non
525 937 691 998 convenire.
722 935 932 1013 quadrifariam
953 936 1032 997 enim
1050 934 1126 996 mbo

174 1023 263 1083 divisa
283 1018 514 1098 regionibusque
530 1027 559 1082 et
574 1017 708 1091 collibus,
724 1021 775 1096 qui
791 1017 1007 1089 habitabantur,
1026 1025 1126 1099 parics

175 1125 223 1168 eas
243 1103 339 1165 tribus
359 1101 530 1182 appellarit,
552 1109 586 1163 ut
605 1120 659 1180 ego
681 1102 810 1164 arbitror
833 1121 849 1162 a
873 1100 983 1162 tributo
1003 1135 1038 1148 -
1058 1119 1125 1164 nam

174 1192 238 1252 eius
252 1204 369 1266 quoque
381 1185 543 1264 aequaliter
554 1205 590 1248 ex
601 1201 692 1248 censu
707 1185 879 1248 conserendi
890 1185 926 1246 ab
939 1186 1043 1248 eodem
1054 1186 1146 1270 inite,

173 1274 249 1334 ratio
264 1278 308 1334 est
324 1289 378 1339 -;
394 1287 492 1348 neque
508 1289 560 1332 eae
571 1269 666 1332 tribus
681 1269 718 1334 ad
731 1270 930 1332 centuriarum
946 1267 1125 1331 distributio·

173 1375 241 1420 nem
255 1371 470 1432 numerumque
486 1355 641 1432 quicquam
656 1355 836 1432 pertinuere.

144 1453 157 1506 ,1,
233 1439 328 1500 XLIV.
358 1438 455 1500 Censu
470 1437 617 1516 perfecto,
641 1455 728 1514 quem
748 1440 943 1498 matd'rarerat
958 1444 1038 1500 metu
1052 1436 1127 1516 legis

173 1525 211 1586 de
225 1522 354 1584 incensis
369 1520 444 1582 latae
457 1539 525 1582 cum
537 1520 722 1582 vinculorum
736 1522 825 1582 mirds
840 1521 1011 1598 mortisque,
1026 1521 1128 1583 edixit:

174 1614 207 1668 ut
223 1623 325 1668 omnes
341 1606 421 1666 cives
433 1604 567 1675 Romani,
586 1606 700 1682 equites
713 1604 898 1684 peditesque,
924 1605 955 1664 in
970 1605 1030 1666 suis
1044 1605 1125 1682 quis·

139 1701 232 1769 aquo
251 1691 392 1752 centuriis
411 1690 443 1749 in
464 1706 567 1768 campo
582 1688 686 1750 Martio
707 1689 803 1768 prima
823 1687 891 1750 luee
905 1689 1051 1766 adessent.
1082 1687 1125 1749 ibi

173 1777 349 1836 instructum
363 1773 525 1836 exercitum
537 1789 655 1834 omnem
665 1771 910 1834 suovetaurilibus
921 1771 1061 1842 lustravit,
1079 1772 1127 1834 id·
1144 1829 1146 1844 ,

174 1876 232 1936 que
248 1857 399 1918 conditum
414 1855 540 1918 instrum
554 1854 746 1935 appellatum,
769 1856 836 1934 quia
853 1857 878 1916 is
896 1855 1043 1918 censendo
1057 1855 1125 1935 bnis

173 1943 267 2002 iactus
290 1946 343 2002 est.
373 1939 452 2001 milia
470 1939 573 2004 LXXX
594 1939 737 2002 colustra
753 1939 1123 2002 civiumcensadicuntur.

173 2025 263 2086 adicit
277 2026 456 2103 scriptorum
473 2024 692 2101 antiquissimus
707 2023 815 2086 Fabius
832 2023 931 2086 Pictor
947 2039 1060 2094 eorum,
1074 2023 1125 2100 qui

173 2126 255 2170 arma
272 2107 352 2169 ferre
366 2113 496 2187 possent,
513 2125 581 2169 eum
597 2124 755 2168 numerum
769 2107 869 2169 tusce.

140 2195 155 2248 t
234 2190 278 2254 td
302 2209 367 2252 eam
387 2189 603 2252 multitudinem
617 2189 690 2252 urbs
711 2207 829 2268 quoquo
844 2187 1047 2270 amplificanda
1064 2191 1124 2250 risa

174 2282 226 2336 est.
254 2274 335 2336 addit
354 2273 428 2336 duos
447 2272 552 2343 eolles,
577 2271 759 2358 Quirinalem
781 2271 1027 2352 Viminaiemque;
1054 2271 1124 2334 inde

174 2358 314 2436 deinceps
332 2364 418 2436 auget
442 2355 602 2435 Esquilias,
626 2357 726 2436 ibique
754 2359 833 2437 ipse,
859 2364 893 2418 ut
916 2355 983 2420 loco
998 2356 1124 2434 dignitas

105 2441 266 2582 efflueret,
282 2440 402 2504 habitat.
422 2458 530 2520 aggere
543 2447 574 2503 ct
587 2440 674 2504 fossis
689 2448 718 2503 et
727 2459 813 2504 muro
828 2439 991 2502 circumdat
1001 2437 1123 2502 urbem:

174 2528 212 2586 ita
228 2527 393 2603 pomerium
405 2525 527 2604 profert.
551 2527 727 2604 pomerium,
742 2523 825 2586 verbi
835 2525 893 2586 vim
904 2523 997 2586 sclam
1008 2525 1123 2584 intuen-

173 2619 232 2679 tes,
255 2611 468 2686 postmoerium
489 2611 720 2688 interpretantur
743 2627 822 2670 esse:
848 2615 892 2670 est
912 2614 1011 2670 autem
1031 2607 1124 2684 magis

173 2693 415 2764 ornamentum,
437 2691 535 2763 iocus,
556 2709 644 2770 quem
663 2693 695 2752 in
714 2691 876 2768 condendis
890 2689 1015 2754 urbibus
1030 2707 1123 2767 quon-

173 2777 240 2838 dam
255 2774 394 2846 Etrusci,
409 2791 466 2853 qna
486 2793 604 2841 murum
619 2775 736 2836 ducturi
751 2783 846 2847 erant,
862 2775 951 2838 certis
968 2775 1047 2834 circa
1063 2780 1122 2834 ter-

175 2859 261 2921 minis
280 2860 455 2936 inaugurato
478 2857 706 2930 consecrabant,
728 2866 761 2920 ut
774 2876 871 2938 neque
885 2858 1027 2922 interiore
1040 2863 1123 2934 parte

172 2942 304 3004 aedificia
318 2939 475 3006 moenibus
487 2941 739 3014 continuarentur,
753 2961 834 3021 qnae
846 2959 925 3006 nunc
935 2939 1025 3020 cripe
1037 2940 1125 3002 etiam

173 3026 370 3104 coniungunt,
394 3036 425 3088 et
440 3025 624 3088 extrinsecus
636 3027 705 3106 puri
721 3025 832 3106 aliquid
849 3025 885 3088 ab
901 3025 1030 3086 humano
1044 3017 1123 3084 cultu

172 3118 286 3190 peteret
303 3109 370 3172 soii.
406 3110 463 3172 hcc
482 3110 636 3190 spatium,
655 3111 733 3188 quod
754 3127 853 3189 neque
874 3108 1001 3172 habitari
1026 3123 1123 3183 neque

173 3196 252 3254 arari
269 3193 313 3258 ias
330 3201 408 3266 erat,
432 3211 493 3256 non
509 3195 603 3272 rrraqis
617 3195 696 3272 quod
710 3201 778 3273 post
791 3211 908 3258 murum
925 3199 1019 3264 esset,
1036 3205 1123 3270 quam

174 3278 252 3355 quod
273 3295 375 3340 murm
396 3286 462 3358 post
478 3278 524 3349 id,
546 3279 713 3356 pomerium
727 3277 853 3340 Romani
868 3274 1068 3356 appellarunt,
1095 3278 1124 3334 et

172 3363 203 3421 in
220 3359 303 3422 urbis
316 3363 500 3425 incremento
515 3377 643 3440 semper,
660 3369 801 3438 quantum
815 3361 932 3425 moenia
948 3372 1123 3439 processura

173 3449 265 3516 erant,
281 3450 394 3506 neuun
408 3445 527 3506 termini
539 3443 571 3504 hi
586 3448 748 3507 consecrati
763 3441 1002 3525 proterebantur.
