2580 3954
298 199 394 242 umus
410 199 459 240 ur.
484 197 555 239 cnr.
570 187 614 244 71.
630 188 674 243 tt.
698 177 738 260 [a.
755 180 811 242 uh.
827 178 890 262 446]
1016 186 1076 250 195

118 347 263 427 stipendia
275 355 449 416 merentem,
465 364 534 407 cum
549 347 586 407 ad
598 344 732 408 Coriolos
743 349 781 408 sit
792 345 942 420 bellatum.
960 365 996 409 eo
1013 366 1077 409 rem

118 451 150 493 se
165 438 306 492 vetustate
322 429 523 500 obliteratam,
543 436 676 492 ceterum
696 447 767 512 suae
781 432 943 493 memoriae
957 431 1077 493 infixam

118 515 252 577 adferre:
272 531 392 592 agrum,
410 514 447 576 de
464 531 523 591 quo
540 513 713 592 ambigitur,
732 514 836 575 limum
853 513 1077 576 Coriolanorum
1095 531 1109 579 ι

116 599 225 669 iuIsse,
248 599 401 677 captisque
418 595 543 660 Coriolis
559 598 624 659 iure
642 595 715 658 belb
730 597 883 676 publicum
901 597 1005 677 populi
1017 597 1076 658 llo·

116 683 197 744 mani
213 683 331 743 iactum.
360 683 463 742 mirari
484 699 530 752 se,
547 699 676 759 quonam
691 699 775 744 more
792 682 934 744 Ardeates
949 683 1076 742 Aricini·

118 784 191 846 que,
210 767 294 827 cuius
313 767 377 844 agri
395 766 441 826 ius
455 782 616 843 numquam
631 767 840 844 usurpaverint
860 765 1003 826 incolumi
1021 766 1076 828 Co-

116 848 230 910 riolana
245 867 294 919 re,
315 867 383 911 eum
398 868 431 910 se
446 868 462 910 a
480 848 591 928 populo
610 848 759 919 Romano,
779 867 866 927 quem
882 867 937 930 pro
956 849 1076 910 domino

115 933 245 996 iudicem
271 933 412 1003 iecerint,
437 933 656 1012 intercepturos
684 939 815 1012 sperent.
855 933 913 994 sibi
937 935 1110 1011 exiguumtt

117 1019 191 1079 vitae
208 1018 324 1096 tenpus
339 1033 511 1094 superesse,
533 1033 594 1077 uon
615 1019 746 1095 potuisse
763 1036 795 1078 se
815 1025 914 1078 tamen
932 1017 1075 1078 inducere

115 1101 147 1161 iu
162 1103 302 1172 animum,
318 1101 399 1178 quin,
416 1117 503 1178 quem
517 1117 621 1178 agrum
636 1099 721 1162 miles
729 1119 786 1181 pro
797 1107 883 1180 parte
897 1100 974 1160 virili
986 1117 1075 1161 mauu

114 1187 257 1265 cepisset,
283 1202 350 1246 eum
370 1201 462 1245 senex
479 1200 599 1261 quoque
613 1201 700 1254 voce,
716 1202 774 1262 qua
793 1202 851 1245 una
873 1193 988 1264 posset,
1013 1185 1074 1244 viu·

115 1270 237 1330 dicaret
252 1284 434 1346 magnopere
455 1285 487 1330 se
501 1266 628 1329 suadere
643 1268 771 1347 populo,
791 1286 829 1352 ue
849 1267 946 1328 inutili
960 1267 1075 1346 pudore

115 1371 199 1415 suam
214 1353 280 1430 ipse
297 1369 416 1412 causam
434 1349 595 1412 damnaret.

178 1435 290 1496 LXXII.
321 1433 464 1498 Consules
478 1453 546 1495 cum
557 1435 707 1514 Scaptium
720 1452 779 1495 non
794 1434 912 1496 silentio
923 1434 1011 1495 modo
1023 1435 1075 1496 sed
1096 1443 1107 1494 l

115 1538 184 1581 cum
211 1519 339 1581 adsensu
360 1520 447 1580 etiam
473 1518 570 1580 audiri
598 1518 888 1590 animadvertissent,
918 1519 990 1580 deos
1020 1517 1074 1578 bo·

115 1605 269 1680 minesque
287 1608 427 1664 testantes
445 1601 587 1680 flagitium
607 1603 713 1681 ingens
734 1603 799 1664 fieri
823 1610 941 1681 patrum
963 1604 1074 1681 primo·

114 1705 164 1750 res
178 1695 340 1748 arcessunt.
371 1680 492 1746 cum'iis
504 1687 663 1748 circumire
678 1685 789 1757 tribus,
807 1703 908 1756 orare,
924 1703 962 1748 ne
980 1687 1072 1764 pessi·
1091 1697 1108 1746 2

114 1787 196 1832 mum
209 1770 323 1831 lacinus
340 1771 445 1848 peiore
461 1770 596 1849 exemplo
618 1771 805 1832 admitterent
819 1770 933 1832 iudices
946 1771 1074 1831 insuam

114 1871 179 1917 rem
190 1853 272 1916 litem
283 1853 435 1923 vertendo,
449 1870 517 1915 cum
527 1856 713 1932 pracsertim,
730 1855 818 1915 etiam
829 1855 855 1916 si
868 1854 911 1916 ias
922 1856 961 1915 sit
971 1871 1073 1915 curam

114 1937 306 2000 emolumenti
317 1940 364 2000 sui
378 1937 468 1998 iudici
485 1956 559 2008 esse,
570 1955 756 2017 nequaquam
767 1944 881 1999 tantum
895 1955 967 2016 agro
981 1939 1073 1999 inter·

114 2022 252 2101 cipieudo
263 2023 448 2099 acquiratur,
464 2027 607 2098 quantum
617 2023 768 2083 amittatur
784 2021 948 2084 alienandis
962 2022 1071 2082 iuluria

113 2107 265 2169 sociorum
292 2106 406 2167 animis.
447 2121 516 2165 nam
543 2105 639 2167 lamae
665 2106 785 2184 quidem
810 2124 845 2167 ac
872 2106 941 2168 fidei
964 2106 1103 2169 damnat

113 2191 226 2252 maiora
241 2208 320 2258 esse,
343 2207 431 2267 quam
446 2205 521 2266 quac
542 2192 690 2252 aestimari
712 2197 842 2270 posscut
876 2189 934 2252 hoc
956 2189 1069 2268 legatos

112 2273 229 2336 referre
249 2273 383 2344 domum,
411 2272 469 2334 boc
492 2273 620 2352 impari:
652 2273 710 2336 boc
738 2276 836 2336 socios
863 2274 982 2345 audire,
1010 2272 1068 2335 hoc

112 2358 226 2419 hostesz
244 2374 386 2435 quocum
404 2356 508 2419 dolore
522 2358 593 2428 bos,
610 2375 750 2435 quocum
764 2358 870 2437 gaudio
886 2358 967 2420 illos!
1001 2359 1070 2419 Sca·
1088 2369 1105 2418 t

112 2442 214 2522 ptioue
236 2441 311 2512 boc,
334 2440 496 2502 contionali
516 2443 595 2512 seui,
618 2441 822 2520 adsignaturos
844 2449 985 2520 putarent
1005 2441 1070 2501 lini-

112 2527 199 2586 timos
220 2523 365 2603 populos?
386 2524 498 2586 clarum
519 2524 575 2587 hac
591 2525 655 2587 lore
677 2527 807 2604 imagine
830 2525 995 2604 Scaptium:
1017 2541 1071 2603 po·

113 2607 215 2689 pulum
241 2607 407 2669 Romanum
441 2608 679 2689 quadruplatoris
710 2616 739 2671 et
771 2609 980 2688 interceptoris
1012 2606 1071 2668 litis

112 2693 227 2755 alienae
247 2709 407 2771 personam
427 2691 565 2754 laturum.
603 2711 691 2771 quem
707 2695 786 2755 enim
807 2692 865 2754 hoc
880 2695 1010 2772 privatae
1025 2693 1070 2754 rei
1088 2703 1106 2752 5

112 2777 241 2839 iudicem
254 2776 374 2846 iecisse,
392 2785 425 2838 ut
434 2775 492 2839 sibi
508 2778 774 2840 controversiosam
790 2777 973 2840 adiudicaret
988 2777 1070 2839 remi

112 2862 264 2939 Scaptium
281 2861 380 2940 ipsum
401 2861 432 2923 id
449 2861 583 2939 quidem,
607 2863 661 2924 etsi
683 2863 866 2942 praemortui
886 2864 945 2923 iarn
961 2864 999 2924 sit
1014 2879 1069 2940 pu·
1137 2883 1139 2890 ’

112 2941 208 3014 doris,
223 2944 451 3006 nonfacturum.
483 2945 558 3006 baec
580 2944 732 3017 consules,
751 2945 826 3008 baec
844 2954 944 3025 patres
960 2945 1068 3006 vocilc-
1086 2955 1103 3006 6

112 3033 234 3095 rantur:
256 3028 307 3088 sed
323 3026 389 3105 plus
404 3029 548 3108 cupiditas
568 3037 597 3092 et
619 3037 722 3090 auctor
742 3030 909 3109 cupiditatis
933 3029 1068 3108 Scapuus

112 3110 195 3172 valet.
222 3118 342 3171 vocatae
355 3111 450 3172 tribus
464 3113 668 3176 iudicaverunt
683 3131 787 3192 agrum
801 3112 953 3191 publicmu
965 3111 1068 3191 populi

112 3196 238 3257 Romani
253 3212 327 3256 esse.
358 3212 413 3256 uec
428 3195 567 3258 abnuitur
579 3198 738 3266 itafuisse,
756 3199 781 3258 si
801 3195 838 3257 ad
857 3195 970 3257 iudices
994 3195 1067 3257 alios
1085 3206 1102 3255 7

111 3281 185 3341 itum
201 3279 294 3341 foret:
311 3295 391 3340 nuuc
406 3279 487 3340 baud
505 3297 577 3343 sane
596 3283 755 3360 quicquam
772 3280 852 3341 bono
868 3297 972 3342 causae
989 3278 1067 3342 leva·

111 3371 160 3423 tur
186 3363 314 3426 dedecus
341 3362 452 3425 ludicii.
492 3363 581 3442 idque
602 3383 664 3425 uon
688 3365 815 3426 Aricinis
833 3364 1067 3442 Ardeatibusque

112 3463 201 3524 quam
222 3446 355 3527 patribus
378 3446 519 3509 Romanis
547 3447 663 3510 foedius
690 3456 776 3528 atque
804 3448 940 3510 acerbius
964 3452 1066 3511 usum.

852 3531 913 3598 13*

1032 3655 1045 3686 t
