2572 3956
213 202 255 266 94
359 190 456 260 cmm
472 215 505 255 ιι.
529 213 599 255 one.
616 204 660 258 aa.
675 205 719 258 aa.
742 191 782 276 [a.
797 215 826 254 u.
844 215 868 253 o.
883 203 944 257 aar.
958 195 1021 270 aaa]

213 363 265 428 sed
281 361 404 440 smerdis
419 359 562 424 membris
577 379 662 422 suum
674 361 781 438 cuique
799 357 965 430 consiIium,
983 376 1053 420 suus
1069 377 1167 421 sermo
1272 383 1273 392 ¹

212 448 317 516 fuerit,
338 445 503 524 indignatas
521 444 652 522 reliquas
666 451 766 523 partes
778 462 832 506 sna
848 461 929 514 cura,
945 461 999 504 sne
1014 441 1117 505 labore
1133 462 1167 505 ae

212 532 376 592 minIsterio
392 530 488 590 ventri
502 529 599 589 omnia
623 529 742 605 quaeri,
764 533 898 588 ventrem
916 529 947 588 in
967 526 1065 587 medio
1085 529 1168 604 quie·

212 622 274 676 tum
292 613 367 676 nihil
382 613 461 674 aliud
478 629 565 689 quam
580 611 655 672 datis
670 609 867 690 voluptatibus
881 610 955 681 frui,
980 613 1167 689 conspirasse
1272 623 1273 632 ¹

163 706 195 758 10
212 699 291 770 inde,
308 715 347 760 ne
361 714 466 758 manus
480 695 517 756 ad
532 714 565 757 os
580 694 680 756 cibum
692 695 813 764 ferrent,
832 711 888 754 nec
902 712 937 756 os
952 695 1102 772 acciperet
1116 695 1167 757 da·
1272 759 1273 770 p

211 789 288 852 tum,
305 781 489 849 necdentes,
511 797 586 858 quae
602 779 793 840 corraserant.
819 776 875 839 hec
890 780 935 838 ira
950 778 1021 840 dum
1036 785 1168 840 irentrem

212 865 289 926 lame
301 865 427 926 domare
442 862 565 934 vellent,
587 864 652 942 ipsa
666 881 725 924 una
742 859 875 924 membra
890 869 1042 942 totumque
1058 880 1169 940 corpus

163 957 193 1009 ιι
212 947 427 1012 admirantem
441 946 540 1010 tabem
556 949 680 1010 venisse.
703 946 773 1008 inde
787 947 960 1024 apparuisse
971 946 1082 1008 ventris
1094 943 1164 1024 que

212 1049 270 1110 que
292 1031 371 1092 haud
392 1049 482 1110 segne
503 1031 700 1092 miaisterium
724 1049 804 1100 esse,
827 1046 885 1090 nec
905 1029 998 1106 magis
1018 1028 1059 1090 eli
1080 1046 1168 1107 qnam

211 1115 292 1178 alere
307 1133 375 1178 enm
388 1116 563 1178 reddentem
576 1116 609 1175 in
624 1115 720 1176 emate
736 1113 872 1190 corporis
885 1120 987 1192 partes
1000 1112 1090 1183 hunc,
1108 1130 1167 1190 quo
1210 1114 1213 1124 “

211 1200 334 1262 vivimus
354 1200 559 1277 vigemusque,
580 1199 704 1260 divisum
724 1198 835 1277 pariter
855 1197 887 1256 in
908 1215 996 1260 venas
1020 1203 1168 1258 maturum

163 1296 194 1346 12
212 1283 347 1344 contecto
374 1281 442 1344 cibo
467 1283 650 1360 sangumem.
694 1278 883 1360 conparando
911 1278 990 1352 hmo,
1008 1298 1096 1359 quam
1121 1282 1166 1342 in·

210 1368 315 1430 testim
336 1368 472 1444 corporis
492 1365 597 1428 seditio
610 1364 716 1426 similis
729 1369 807 1428 esset
818 1364 883 1425 irae
899 1363 996 1442 plebis
1010 1366 1042 1426 in
1057 1372 1166 1444 patres,

211 1450 328 1512 ilexIsse
341 1457 458 1512 mentes
470 1448 637 1510 hominum.

178 1548 190 1598 1
270 1533 399 1594 XXXIII.
431 1533 485 1610 Igi
500 1532 612 1594 deinde
625 1532 663 1592 de
689 1533 850 1594 concordia
868 1540 1021 1610 coeptum..
1044 1549 1168 1594 eonces-

210 1633 335 1694 sumqne
353 1618 386 1676 iu
407 1617 616 1686 *condicionem
637 1623 669 1676 ut
689 1613 771 1694 plebi
788 1618 836 1680 sui
861 1617 1048 1694 magistratum
1069 1623 1169 1678 essent

210 1701 406 1770 sacrosancti,
430 1699 537 1777 quibus
560 1698 662 1760 auxilii
675 1697 747 1761 latio
768 1700 910 1762 adversus
927 1698 1065 1762 censuales
1080 1706 1167 1769 esset.

210 1802 283 1846 neve
311 1785 359 1844 oui
387 1790 504 1862 patrum
530 1801 637 1862 cepere
662 1801 731 1844 eum
759 1785 960 1862 magistram
982 1782 1097 1845 liceret.
1127 1783 1167 1844 ita
1272 1809 1273 1848 c

176 1885 191 1932 2
209 1867 321 1931 tribum
340 1867 439 1946 plebei
456 1869 553 1930 creati
578 1867 651 1936 duo„
674 1867 705 1928 C.
724 1867 856 1928 LioInins
879 1876 908 1928 et
930 1867 962 1928 L·
981 1865 1115 1928 Albinus.
1144 1867 1167 1926 ii

208 1958 269 2014 tres
282 1949 413 2030 collegas
425 1951 484 2014 sibi
499 1957 683 2014 creaverunt.
715 1952 747 2012 in
760 1951 808 2013 ms
823 1951 964 2014 Sicinium
982 1951 1073 2014 luisse
1088 1951 1166 2011 sedi·

207 2037 296 2096 tionis
315 2042 482 2104 auctorem
503 2035 540 2097 de
562 2034 679 2098 duobus
695 2036 750 2112 uui
774 2034 886 2096 inerint
906 2036 1004 2096 minus
1019 2035 1165 2096 convenit

174 2121 191 2174 3
208 2125 276 2180 sunt
287 2121 338 2195 qni
353 2119 427 2180 duos
441 2125 554 2181 lantum
569 2121 600 2180 in
613 2121 704 2180 Sacro
716 2125 816 2181 monte
828 2125 943 2181 creatas
954 2117 1089 2180 tribunos
1100 2136 1167 2180 esse

209 2201 317 2272 dicant,
334 2202 435 2280 ibique
450 2211 595 2263 semeiam
609 2201 709 2282 legem
722 2202 819 2264 latam.
950 2195 956 2208 '

270 2286 329 2348 Per
349 2286 547 2348 secessionem
565 2284 662 2364 plebis
682 2287 733 2365 Sp.
749 2287 866 2350 cessitis
889 2294 917 2348 et
933 2286 1089 2348 Postumus
1110 2285 1164 2347 Ce-

172 2370 315 2430 tminins
335 2367 524 2430 *consolatum
550 2371 687 2430 inierant
719 2372 757 2432 iis
777 2369 953 2432 consulibus
967 2387 1037 2432 eum
1053 2369 1166 2430 LatinIs
1271 2433 1272 2442 ,

206 2451 309 2532 populi
346 2453 437 2513 ictum
457 2451 571 2514 foedus.
598 2452 686 2513 adid
706 2453 874 2516 leniendum
891 2451 996 2514 consid
1013 2451 1087 2515 alter
1104 2451 1165 2512 lio·
1271 2458 1272 2475 ¹

206 2553 272 2598 mae
297 2537 419 2604 mansit;
450 2535 524 2598 alter
547 2536 584 2598 ad
605 2534 743 2598 Volscum
765 2535 877 2598 bellum
900 2537 1008 2598 missus
1034 2537 1165 2598 Antiates

207 2619 329 2682 Volscos
345 2619 442 2682 fundit
454 2620 603 2698 fugatque,
620 2619 780 2699 conpulsos
795 2621 827 2680 in
842 2620 985 2699 oppidum
1000 2618 1165 2697 Longulam

172 2709 379 2782 eperseeutas
403 2701 559 2764 moenibus
584 2705 704 2782 potitur.
746 2705 816 2766 inde
845 2705 980 2782 protinus
1008 2703 1164 2766 Poluscam
1270 2755 1271 2762 ,

206 2789 277 2850 item
301 2785 476 2848 Volscorum
496 2788 589 2865 cepit,
610 2795 674 2848 tum
692 2805 796 2866 magna
817 2788 845 2848 vi
865 2788 984 2850 adortus
1002 2796 1046 2850 est
1061 2789 1163 2849 Corio-

205 2870 260 2932 los.
306 2877 370 2932 eret
393 2876 455 2930 tum
480 2870 512 2930 in
537 2873 640 2934 eastris
669 2873 749 2934 inter
771 2871 920 2950 primores
945 2874 1084 2934 iuvenum
1109 2871 1162 2933 Cn.

206 2953 350 3024 llmoius,
370 2951 545 3016 adulescens
567 2963 597 3016 et
616 2954 739 3016 consilio
762 2962 791 3016 et
809 2972 898 3018 manu
922 2962 1093 3035 promptus,
1114 2956 1163 3014 cui

172 3044 189 3098 d
207 3053 373 3114 cognomen
393 3045 495 3116 postea
517 3038 674 3100 Coriolano
697 3039 759 3099 luit.
799 3055 866 3100 cum
887 3039 984 3100 nihilo
999 3041 1162 3102 exercitum

207 3120 372 3184 Romanum
389 3121 523 3184 Coriolos
537 3121 722 3184 obsidentem
740 3129 829 3200 etque
846 3124 878 3184 in
892 3123 1071 3202 oppidanos,
1088 3139 1163 3200 quos

206 3205 285 3266 intus
300 3204 417 3268 clausos
429 3205 565 3276 habebat,
581 3209 726 3268 intentum
737 3205 872 3268 sineullo
886 3214 967 3268 metu
978 3208 1163 3270 extrinsecus
1269 3251 1270 3260 a

206 3288 376 3350 minentis
396 3288 468 3350 belli
487 3289 609 3352 Volscae
630 3289 763 3368 legiones
784 3291 936 3369 profectae
956 3289 993 3352 ab
1014 3291 1101 3352 Antio
1115 3293 1162 3350 in·

207 3371 362 3442 vasissent,
385 3372 551 3451 eodemque
575 3381 708 3453 tempere
732 3394 768 3437 ex
788 3374 896 3453 oppido
918 3376 1085 3452 erupissent
1106 3373 1161 3433 ho·
1269 3393 1270 3430 ;

174 3461 281 3524 astes.
306 3455 383 3518 torte
401 3458 433 3517 in
448 3458 573 3518 emtione
590 3459 716 3520 Marcius
731 3458 794 3520 fuit.
829 3460 854 3519 is
872 3477 939 3520 cnm
956 3457 1069 3520 delecta
1084 3455 1160 3518 mili-
1269 3433 1270 3523 l
