2548 3954
184 162 225 222 24
342 174 437 216 menn
452 177 473 216 1.
503 165 633 216 cnuti.
652 165 694 220 23.
727 157 765 250 [a.
783 177 812 217 u.
829 177 855 218 e.
873 157 985 232 82-114]

185 323 315 385 omnium
336 320 431 400 ignari
450 324 580 401 primum
600 323 755 401 purgando
775 331 875 383 terunt
893 332 1024 402 tempus:
1046 343 1078 386 se
1093 325 1138 386 in·

185 410 259 468 sitos
275 407 447 483 quiequam,
471 406 550 482 quod
566 407 663 468 miuus
679 404 794 485 placeat
806 405 907 477 Tullo,
924 406 1072 478 dicturos,
1086 408 1139 470 sed

185 491 312 568 imperio
333 488 430 566 subigi
438 507 515 586 ires
539 491 698 568 repetitum
719 509 752 552 se
769 492 899 558 venisse;
921 492 953 550 ni
967 491 1138 562 reddantur,

151 578 167 628 7
184 573 296 636 bellum
313 573 445 634 indicere
466 575 570 635 iussos.
598 572 635 634 ad
652 572 726 634 haee
740 572 842 634 Tullus
857 575 1030 643 „nuntiate“
1044 576 1140 652 inquit

186 659 270 736 „regi
293 664 403 727 restro,
426 673 528 734 regem
545 656 709 717 Romanum
730 657 802 718 deos
824 657 925 719 ‘iacere
947 664 1051 728 testes,
1073 667 1140 720 uter

186 743 269 822 prius
284 740 411 820 populus
426 758 474 810 res
493 747 659 819 repetentes
674 739 786 818 legatos
800 749 973 818 aspernatus
987 742 1139 811 dimiserit,

185 833 217 888 ut
237 827 270 886 in
286 843 352 886 eum
367 841 469 884 omnes
483 831 620 903 expetant
634 823 757 886 huiusce
772 822 870 885 clades
886 823 990 886 belli.“

154 917 168 968 1
249 908 350 970 llell.
390 907 469 969 Haeo
494 909 630 970 nuntiant
656 907 775 968 domum
802 906 916 968 Albani.
972 917 1001 969 et
1029 907 1140 970 bellum

186 996 334 1070 utrimque
355 1009 468 1053 surnma
490 1010 549 1070 ope
565 991 740 1070 parabatur,
761 990 838 1052 cirili
853 991 1034 1054 simillimum
1050 990 1140 1062 bello,

186 1095 280 1157 prope
297 1077 527 1155 interponentes
543 1082 701 1154 natosque,
725 1076 883 1136 Troianam
902 1084 1058 1154 utramque
1071 1069 1141 1154 pro·
1260 1109 1261 1116 κ

185 1163 259 1232 lem,
282 1179 349 1221 oum
362 1159 514 1221 Lavinium
534 1159 571 1221 ab
587 1161 684 1229 Troia,
709 1157 745 1222 ab
759 1159 879 1220 Lavinio
895 1158 982 1230 uba,
1004 1159 1041 1219 ab
1054 1158 1141 1220 nua-

151 1255 293 1306 2norum
315 1245 406 1323 stirpe
428 1261 532 1323 regum
552 1245 671 1306 oriundi
684 1244 810 1305 Romani
830 1251 937 1305 essent.
963 1252 1083 1305 eventus
1098 1250 1141 1303 ta-

186 1347 255 1391 men
269 1327 339 1391 belli
349 1330 448 1390 minus
458 1327 657 1392 miserabilem
671 1329 889 1389 dimicationem
899 1327 977 1396 ieoit,
995 1328 1073 1404 quod
1085 1343 1141 1387 neo

187 1415 250 1478 acie
266 1419 408 1474 certatum
426 1420 477 1483 est,
494 1420 523 1474 et
543 1415 628 1474 tectis
639 1413 727 1474 modo
739 1412 844 1473 dirutis
855 1409 976 1472 alterius
988 1409 1071 1472 urbis
1083 1410 1142 1470 duo

151 1495 782 1658 3popophlbpziurpppprcepuilpzzppntgmim
806 1581 837 1641 in
857 1598 960 1658 agrum
978 1581 1142 1642 Romanum

187 1667 330 1743 impetum
348 1661 455 1724 iecere.
488 1671 583 1724 eastra
600 1663 636 1724 ab
651 1663 726 1725 urhe
740 1663 818 1724 haud
833 1663 900 1741 plus
916 1666 1047 1742 quinque
1063 1662 1143 1724 milia

188 1764 307 1827 passum
321 1745 429 1817 locant,
447 1745 526 1808 losse
542 1748 740 1811 cueumdautz
756 1747 834 1808 lossa
850 1747 954 1809 Cluilia
970 1747 1006 1809 ab
1023 1749 1143 1808 nomine

189 1830 272 1892 ducis
289 1849 342 1908 per
359 1830 470 1908 aliquot
484 1829 600 1892 saecula
615 1830 761 1910 appellata
778 1839 830 1901 est,
848 1831 944 1894 donee
958 1849 1026 1892 eum
1040 1849 1075 1892 re
1091 1848 1144 1890 no·

154 1917 178 1973 ‹t'
188 1932 257 1977 meu
273 1931 391 1992 quoque
408 1921 548 1978 vetustate
566 1914 701 1977 abolevit.
733 1918 765 1976 in
779 1914 826 1975 his
841 1917 945 1977 eastris
962 1914 1083 1976 Cluilius
1096 1912 1144 1973 Al·

188 2000 283 2060 banus
303 2016 357 2058 rex
379 2000 520 2067 moritur;
543 1999 715 2061 dictatorem
732 1997 837 2059 Albani
851 1999 984 2060 Mettium
999 1998 1145 2060 Fufetium

189 2088 304 2145 creant»
344 2083 462 2142 interim
494 2080 596 2144 Tullus
626 2084 711 2144 ferox
742 2083 903 2160 praecipue
931 2090 1027 2143 morte
1055 2082 1145 2158 regis,

188 2181 386 2243 magnumque
409 2165 534 2226 deorum
554 2181 677 2243 numen,
707 2163 743 2226 ah
768 2167 833 2243 ipso
856 2167 952 2244 capite
973 2182 1090 2234 orsum,
1114 2166 1145 2224 iu

190 2266 277 2310 omne
292 2265 400 2308 nomen
414 2246 559 2308 Albanum
574 2251 771 2327 expetiturum
788 2266 899 2327 poenas
916 2247 954 2310 ob
969 2248 1082 2310 bellum
1101 2249 1145 2307 iu·

188 2332 272 2412 pium
293 2331 444 2399 dictitans,
465 2338 552 2392 noete
573 2334 741 2409 praeteritis
761 2331 890 2394 hostium
911 2335 1016 2394 eastris
1038 2331 1145 2393 infesto

155 2431 172 2482 s
191 2414 367 2476 exercituin
383 2430 486 2491 agrum
503 2413 649 2476 Albanum
663 2418 769 2494 pergit.
800 2434 833 2478 ea
854 2434 903 2477 res
917 2415 955 2476 ab
971 2417 1081 2478 stativis
1097 2433 1146 2476 ex-

191 2499 259 2559 civit
279 2499 420 2560 Mettium.
446 2497 538 2568 ,ducit
558 2517 647 2577 quarn
670 2516 815 2577 proxume
837 2499 873 2560 ad
899 2498 1014 2561 hostem
1041 2505 1146 2577 potest.

190 2582 261 2644 inde
278 2581 406 2659 legatum
418 2585 613 2661 praemissum
624 2586 761 2644 nuntiare
772 2581 858 2643 Tullo
872 2581 963 2654 iubet,
976 2585 1148 2661 priusquam

193 2666 346 2734 dimicent,
370 2682 445 2743 opus
466 2684 531 2726 esse
552 2664 715 2744 colloquio:
742 2668 767 2728 si
788 2685 887 2728 secum
905 2682 1081 2744 congressus
1100 2666 1147 2732 sit.

192 2750 262 2810 satis
276 2749 353 2810 seire
373 2766 407 2809 ea
424 2767 457 2810 se
472 2747 638 2820 allaturum,
659 2767 735 2827 quae
749 2749 841 2810 nihilo
854 2751 953 2812 miuus
967 2750 1004 2811 ad
1014 2765 1078 2808 rem
1088 2745 1147 2806 lio·

36 2826 39 2832 ’
158 2843 310 2894 omanem
330 2848 418 2908 quam
441 2832 477 2892 ad
498 2831 642 2893 Albanam
664 2837 840 2912 pertineant.
877 2833 956 2902 haud
976 2836 1148 2911 aspernatus

192 2914 304 2985 Tullus,
317 2922 425 2984 tamen,
440 2917 467 2976 si
476 2931 550 2976 rana
564 2916 744 2988 adferantur,
760 2918 792 2976 in
802 2919 896 2978 aoiem
913 2918 1018 2979 eduoit.
1043 2918 1150 2976 exeunt

193 3005 296 3060 eontra
311 3007 340 3060 et
354 2997 468 3058 Albani.
484 3007 641 3077 postquam
654 3003 758 3062 strueti
774 3002 923 3078 utrimque
937 2999 1063 3067 stabant,
1082 3013 1149 3056 oum

158 3083 296 3160 'tpauois
315 3097 475 3159 procerum
498 3083 529 3142 in
550 3085 681 3145 medium
702 3086 793 3146 duces
813 3085 987 3162 procedunt.
1020 3082 1064 3142 ibi
1086 3080 1150 3139 iniit

193 3164 337 3228 Albanus:
364 3166 509 3235 „iniurias
530 3173 559 3228 et
577 3184 638 3229 non
660 3168 790 3229 redditas
813 3186 863 3229 res
886 3187 922 3229 ex
938 3167 1060 3229 foedere
1074 3180 1150 3242 quae

193 3250 336 3326 repetitae
351 3250 417 3319 sint,
436 3257 466 3310 et
480 3266 534 3327 ego
548 3268 652 3329 regem
665 3258 801 3314 nostrum
817 3250 954 3313 Cluilium
966 3267 1084 3310 oausam
1094 3247 1148 3306 hu·

193 3333 275 3394 iusoe
292 3350 357 3393 esse
369 3330 441 3393 belli
452 3334 568 3397 audisse
581 3334 691 3406 videor,
708 3353 764 3397 neo
776 3344 805 3397 te
816 3334 928 3405 dubito,
941 3332 1035 3403 Tulle,
1049 3332 1151 3394 eadem

193 3423 311 3496 praete
327 3415 417 3476 lerre.
452 3417 504 3477 sed
521 3419 546 3478 si
559 3436 627 3480 vera
643 3421 741 3498 potius
757 3436 845 3496 quam
863 3419 943 3480 diotu
958 3418 1091 3498 speciosa
1106 3413 1150 3474 di·
