2548 3954
534 193 631 234 trena
648 195 670 234 r.
1055 187 1074 250 3

191 343 272 393 Numa
283 339 421 406 Pompilius
433 341 495 392 ritus
507 356 634 392 sacrorum
646 342 757 392 tradidit.
780 353 852 407 porta
864 344 916 394 iani
929 345 1023 397 clausa.

190 411 278 462 'lullus
290 407 409 459 Hostilius
422 407 534 459 Albanos
547 409 658 473 diripuit.
682 409 870 474 trigeminorum
886 426 980 476 pugna.
1005 413 1073 464 Metti

125 477 204 529 foleti
226 477 387 543 supplicium.
405 475 492 526 Tullus
503 475 608 525 fulmine
619 485 792 541 consumptus.

189 548 276 595 Ancus
288 543 391 593 Martius
403 541 505 593 Latinos
517 543 617 603 devicit,
631 543 724 594 Ostiam
737 545 858 595 condidit.

189 611 339 676 Tarquinius
355 610 456 659 Priscus
472 609 576 660 Latinos
593 611 735 675 superauit,
753 612 846 663 circum
863 612 936 675 lecit,
954 615 1072 668 finitimos

122 682 222 740 devicit,
233 691 319 729 muros
332 685 357 726 et
367 675 465 726 cloacas
477 676 545 727 iecit.

190 747 276 798 Servio
288 744 369 796 Tullio
386 753 462 808 eaput
477 745 545 794 ursit.
565 743 667 796 Servius
679 746 775 796 Tullius
791 747 910 800 Veientes
929 741 1028 811 devicit,
1048 763 1072 802 et

122 815 244 882 populum
256 813 282 863 in
294 811 389 861 classes
400 810 499 870 divisim
511 811 599 861 aedem
610 811 705 862 Dianae
717 814 851 866 dedicavit.

188 880 337 944 Tarquinius
350 877 479 942 Superbus
492 878 574 929 occiso
584 878 665 930 Tullio
677 893 782 945 regnum
794 882 894 935 invasit.
907 886 1003 937 Tuiiiae
1015 901 1069 938 sce·

120 951 161 1001 ius
178 950 203 998 in
215 956 321 1014 patrem.
349 945 449 995 Turnus
461 945 601 996 Herdonius
613 959 659 1012 per
670 947 831 1010 Tarquinium
847 955 955 1004 occisus.
977 955 1070 1005 ballum

120 1031 178 1067 cum
191 1015 299 1065 Vuisuis.
311 1012 399 1062 iraude
411 1011 471 1063 Sex.
484 1013 602 1076 Tarquini
614 1012 686 1064 tiabit
696 1014 795 1081 direpti.
808 1016 957 1082 Capitolium
967 1021 1069 1072 inchoa-

120 1097 183 1134 tum.
206 1081 315 1132 Termini
332 1091 356 1129 et
372 1081 492 1128 iuventae
503 1093 561 1129 arae
578 1082 673 1130 moveri
684 1096 734 1132 non
751 1092 895 1147 potueruut.
913 1087 1028 1138 Lucretia
1043 1104 1071 1140 se

120 1150 220 1201 occidit.
238 1147 345 1213 Superbi
354 1146 479 1211 expulsio.
487 1156 619 1212 regnatum
628 1156 666 1198 est
677 1151 749 1199 anuis
763 1149 856 1202 CCLV.
1109 1167 1113 1172 ·

186 1215 281 1266 Latinis
291 1214 364 1264 victis
375 1221 485 1263 montem
495 1215 649 1264 Aventinum
660 1215 810 1280 adsignavit,
822 1218 885 1272 lines
895 1223 1005 1288 protulit,
1017 1224 1067 1274 lio·
1078 1206 1084 1222 ⁸

119 1285 192 1336 stiam
209 1282 332 1332 coloniam
349 1279 464 1330 deduxit.
480 1281 644 1330 caerimonias
661 1295 677 1330 a
693 1282 775 1332 Numa
791 1285 918 1338 institutas
930 1292 1068 1341 renovarit.

118 1351 233 1418 regnavit
249 1349 322 1399 anuis
338 1347 446 1398 XXiiii.
462 1345 574 1398 Lucumo
585 1347 711 1398 Demarati
723 1349 843 1402 Comntbli
854 1354 920 1406 iilius
937 1357 1067 1421 aTarqui·

118 1417 287 1479 uiis,iitrnsca
296 1413 516 1474 civitate,liomam
525 1415 592 1464 veuit
600 1424 625 1464 et
634 1415 660 1464 in
670 1416 805 1468 amicitiam
810 1419 874 1470 Anci
883 1431 998 1488 receptus
1007 1424 1067 1474 Ter·

118 1486 188 1550 quini
200 1484 278 1535 Prisci
295 1497 387 1535 nomen
399 1481 463 1530 ierre
474 1481 558 1546 coepit
575 1489 599 1530 et
609 1490 668 1547 posi
678 1492 784 1534 mortem
795 1487 859 1537 Anci
875 1503 981 1554 regnum
994 1504 1066 1540 exce·

117 1555 163 1620 pit.
182 1561 282 1602 centum
293 1551 319 1601 in
330 1559 414 1615 patres
426 1547 524 1614 allegit,
536 1547 639 1599 Latium
652 1551 764 1616 subegit,
779 1552 854 1604 iudos
866 1556 892 1605 in
904 1557 969 1607 circo
982 1557 1067 1617 edidit,

118 1620 230 1684 equitnm
245 1618 369 1668 centurias
378 1615 515 1680 ampliavit,
527 1616 615 1666 urbem
626 1631 698 1667 muro
707 1619 880 1682 circumdedit,
890 1622 988 1674 cloacas
1000 1624 1068 1675 iecit.

118 1688 217 1738 occisus
227 1693 265 1736 est
270 1685 302 1735 ab
308 1683 372 1733 Anci
380 1683 447 1744 liliis,
458 1697 516 1733 cum
524 1693 655 1748 regnasset
663 1685 736 1736 annis
741 1684 886 1740 XXXVIII.
892 1690 938 1739 iiic
943 1698 1065 1756 temptan-

117 1755 165 1805 dac
177 1753 297 1804 sciendae
307 1751 360 1804 Atti
375 1749 440 1800 Navi
455 1751 559 1816 auguris
571 1765 648 1802 causa
659 1751 738 1801 terrm
748 1755 908 1807 consuluisse
919 1772 986 1818 eum,
997 1772 1031 1807 an
1041 1759 1068 1808 id

117 1823 149 1872 dc
166 1835 216 1886 quo
235 1820 354 1884 cogitaret
371 1816 436 1867 effici
452 1826 553 1884 possem
571 1818 714 1882 quodcum
729 1819 772 1870 ille
788 1820 842 1871 lieri
858 1837 936 1887 posse
953 1825 1066 1884 dixisset,

116 1889 223 1939 iussisse
240 1901 298 1936 eum
315 1884 438 1934 novacula
454 1893 536 1934 cotem
552 1885 711 1949 praecidere,
733 1886 811 1950 idque
828 1889 859 1939 ab
876 1890 936 1940 Atto
953 1892 1067 1955 protinus

116 1957 219 2006 iactum.
238 1952 366 2004 Successit
377 1952 399 2001 ei
412 1951 515 2004 Servius
526 1951 631 2012 Tullius,
650 1961 723 2002 natus
736 1955 879 2019 exceptive
891 1957 968 2008 nobili
980 1955 1066 2008 Corui·

116 2023 220 2081 colans,
232 2021 273 2070 oui
284 2033 363 2085 puero
374 2018 457 2070 adhue
469 2021 496 2070 iu
507 2019 579 2069 cunis
590 2018 674 2084 posito
686 2028 762 2084 capnt
773 2021 867 2072 arsisse
878 2023 995 2074 traditum
1007 2035 1069 2075 erat.

115 2092 137 2141 is
149 2103 255 2140 censum
266 2088 375 2153 primum
387 2087 451 2153 egit,
468 2086 575 2137 lustrum
592 2085 721 2147 condidit,
739 2102 790 2152 quo
808 2103 884 2140 censa
894 2089 990 2140 LXXX
1001 2091 1068 2142 milia

115 2172 173 2208 esse
184 2156 314 2215 dicuntur,
327 2155 467 2219 pomerium
478 2153 589 2220 protulit,
602 2151 679 2203 colles
690 2154 745 2204 urbi
757 2154 848 2206 adiecit
860 2156 1011 2216 Quirinalem
1022 2158 1066 2208 Vi·

115 2224 234 2274 minaiem
247 2221 417 2285 Esquilinum,
434 2221 555 2286 templum
566 2220 661 2270 Dianae
679 2233 735 2270 cum
747 2219 843 2274 Latinis
854 2223 881 2273 in
893 2225 1018 2274 Aventino
1029 2225 1066 2274 ie·

116 2294 158 2342 cit.
176 2289 323 2340 interiectus
336 2297 374 2338 est
385 2303 401 2337 a
411 2286 488 2338 Lucio
499 2287 643 2352 Tarquinio,
655 2287 734 2338 Prisci
744 2287 804 2349 illio,
817 2291 921 2342 consilio
931 2291 996 2342 iiiiae
1006 2306 1067 2341 suae

115 2358 221 2418 Tulliae,
232 2369 290 2406 cum
300 2371 314 2405 r
364 2363 435 2406 asset
443 2355 517 2404 annis
528 2355 631 2406 XLIlil.

183 2425 244 2475 Post
254 2423 322 2473 huno
357 2457 364 2472 .
375 2421 526 2487 Tarquinius
538 2421 668 2488 Superbus
680 2439 763 2490 neque
773 2434 873 2492 patrum
886 2441 968 2490 neque
979 2427 1067 2492 populi

115 2495 188 2544 iussu
203 2505 309 2556 regnum
325 2490 426 2539 invasit.
443 2489 586 2540 isarmatos
603 2490 669 2538 cirea
685 2494 752 2542 sein
768 2492 908 2543 custodiam
920 2494 959 2542 sui
971 2492 1066 2543 habuit.

116 2559 211 2610 beilum
223 2572 280 2607 cum
290 2555 391 2606 Vulscis
403 2556 483 2621 gessit
494 2565 519 2606 et
530 2571 563 2606 ex
574 2556 662 2621 spoliis
675 2571 761 2608 eorum
772 2559 894 2623 templum
905 2560 932 2608 in
945 2557 1066 2625 Capitolio

115 2627 170 2677 iovi
181 2625 249 2676 lecit.
267 2623 358 2675 Gabios
371 2623 429 2674 dolo
446 2623 472 2674 iu
484 2631 607 2689 potestate
619 2638 666 2673 sua
676 2625 782 2691 redegit.
799 2625 874 2675 huius
886 2625 944 2675 titiis
955 2625 1066 2691 Delphos

115 2691 468 2760 proiectisotconsulentibus,
475 2691 531 2755 quis
542 2704 627 2742 eorum
633 2690 729 2742 Romae
734 2702 882 2757 regnaturus
890 2702 964 2753 esset,
971 2693 1065 2743 dictum

117 2770 157 2812 est
168 2773 226 2810 cum
236 2769 411 2826 regnaturum,
424 2759 467 2822 qui
478 2758 586 2823 primum
597 2766 702 2809 matrem
714 2760 842 2810 osculatus
853 2769 929 2810 esset.
945 2760 1014 2824 qnod
1024 2775 1064 2810 re·

116 2841 239 2894 sponsum
256 2841 313 2898 qum
330 2826 379 2891 ipsi
395 2825 466 2875 aliter
481 2826 715 2890 interpretarentur,
732 2827 819 2878 Iunius
835 2826 936 2887 Brutus,
953 2827 996 2891 qui
1008 2841 1065 2877 curn

117 2897 153 2944 eis
169 2894 297 2959 proiectus
315 2902 381 2953 erat,
398 2891 543 2958 prolapsum
560 2906 588 2942 se
600 2893 726 2944 simulavit
738 2903 763 2943 et
774 2903 865 2944 terram
877 2893 1005 2945 osculatus
1016 2904 1065 2944 est.

116 2963 193 3025 idque
204 2960 297 3010 iactum
310 2959 363 3010 eius
376 2969 480 3010 eventus
492 2959 664 3025 conprobavit.
687 2975 745 3010 nam
756 2975 814 3010 cum
826 2961 968 3026 inpotenter
979 2975 1007 3011 se
1018 2975 1062 3025 ge·

116 3029 194 3079 reudo
207 3028 356 3092 Tarquinius
369 3025 497 3092 Superbus
514 3039 602 3076 omnes
616 3027 737 3078 inedium
749 3028 789 3078 sui
800 3029 962 3088 adduxisset,
979 3028 1013 3078 ad
1024 3027 1063 3077 ul·

115 3097 204 3146 timum
216 3107 318 3160 propter
329 3101 499 3159 expugnatam
510 3101 632 3144 nocturna
649 3095 673 3143 vi
684 3108 700 3144 a
712 3093 790 3145 Sexto
806 3094 858 3145 illio
870 3095 924 3144 eius
936 3093 1065 3144 Lucretiae

116 3163 271 3228 pudicitiam,
284 3175 348 3225 qnae
359 3161 392 3210 ad
404 3175 432 3211 se
443 3170 532 3210 vocato
544 3169 615 3226 patre
620 3161 763 3226 Tricipitino
776 3170 801 3210 et
812 3162 865 3211 viro
876 3160 1007 3211 Conlatino
1018 3161 1063 3211 ob·

115 3239 219 3288 testata,
237 3243 269 3278 ne
286 3227 365 3277 inulta
376 3242 444 3278 mors
463 3228 516 3277 eius
534 3236 614 3287 esset,
632 3228 710 3277 cultro
723 3242 751 3277 se
762 3227 894 3287 interiecit,
906 3227 976 3277 Bruti
988 3241 1064 3294 opera

115 3297 226 3346 maxime
244 3295 365 3362 expulsus
383 3305 434 3350 cst,
452 3307 508 3344 cum
526 3303 657 3359 regnasset
673 3307 753 3344 anuos
771 3292 853 3344 XXV.
875 3305 928 3345 tum
946 3294 1064 3346 consules

113 3364 189 3413 creati
202 3372 263 3413 sunt
271 3363 300 3412 L.
314 3361 400 3412 lunius
412 3361 503 3412 Brutus
515 3361 544 3411 ir.
556 3361 705 3424 Tarquinius
718 3359 873 3413 Conlatinus.

857 3427 898 3495 1*
