<?xml version="1.0" encoding="UTF-8"?>
<!DOCTYPE html PUBLIC "-//W3C//DTD XHTML 1.0 Transitional//EN"
    "http://www.w3.org/TR/xhtml1/DTD/xhtml1-transitional.dtd">
<html xmlns="http://www.w3.org/1999/xhtml" xml:lang="en" lang="en">
 <head>
  <title>
</title>
<meta http-equiv="Content-Type" content="text/html;charset=utf-8" />
  <meta name='ocr-system' content='tesseract 3.04.00' />
  <meta name='ocr-capabilities' content='ocr_page ocr_carea ocr_par ocr_line ocrx_word'/>
</head>
<body>
  <div class='ocr_page' id='page_1' title='image "./aburbeconditali01rossgoog_0450.png"; bbox 0 0 2534 3956; ppageno 0'>
   <div class='ocr_carea' id='block_1_1' title="bbox 237 237 1179 328">
    <p class='ocr_par' dir='ltr' id='par_1_1' title="bbox 237 203 1253 328">
     <span class='ocr_line' id='line_1_1' title="bbox 237 237 1179 328; baseline -0.007 -14"><span class='ocrx_word' id='word_1_1' title='bbox 237 249 298 314; x_wconf 80' lang='lat'><strong>310</strong></span> <span class='ocrx_word' id='word_1_2' title='bbox 366 261 505 304; x_wconf 70' lang='lat' dir='ltr'><strong>umnec.</strong></span> <span class='ocrx_word' id='word_1_3' title='bbox 537 249 724 305; x_wconf 46' lang='lat' dir='ltr'><strong>coarctet.</strong></span> <span class='ocrx_word' id='word_1_4' title='bbox 752 237 793 322; x_wconf 81' lang='lat' dir='ltr'><strong>[a.</strong></span> <span class='ocrx_word' id='word_1_5' title='bbox 811 239 1059 321; x_wconf 65' lang='lat' dir='ltr'><strong>n.c.364(565)]</strong></span> <span class='ocrx_word' id='word_1_6' title='bbox 1173 322 1179 328; x_wconf 28' lang='grc' dir='ltr'>ι</span> 
     </span>
    </p>
   </div>
   <div class='ocr_carea' id='block_1_2' title="bbox 144 393 1253 3577">
    <p class='ocr_par' dir='ltr' id='par_1_2' title="bbox 144 393 1253 3577">
     <span class='ocr_line' id='line_1_2' title="bbox 236 393 1253 508; baseline -0.006 -31"><span class='ocrx_word' id='word_1_7' title='bbox 236 419 265 477; x_wconf 89' lang='lat' dir='ltr'><strong>et</strong></span> <span class='ocrx_word' id='word_1_8' title='bbox 274 411 452 473; x_wconf 88' lang='lat' dir='ltr'><strong>habitarem</strong></span> <span class='ocrx_word' id='word_1_9' title='bbox 467 414 552 508; x_wconf 90' lang='lat' dir='ltr'><strong>capta</strong></span> <span class='ocrx_word' id='word_1_10' title='bbox 561 399 597 468; x_wconf 91' lang='lat' dir='ltr'><strong>ab</strong></span> <span class='ocrx_word' id='word_1_11' title='bbox 613 426 661 478; x_wconf 88' lang='lat' dir='ltr'><strong>so,</strong></span> <span class='ocrx_word' id='word_1_12' title='bbox 677 407 792 469; x_wconf 90' lang='lat' dir='ltr'><strong>deserta</strong></span> <span class='ocrx_word' id='word_1_13' title='bbox 806 407 918 470; x_wconf 81' lang='lat' dir='ltr'><strong>archis</strong></span> <span class='ocrx_word' id='word_1_14' title='bbox 931 406 1076 470; x_wconf 87' lang='lat' dir='ltr'><strong>haourbe</strong></span> <span class='ocrx_word' id='word_1_15' title='bbox 1091 393 1253 484; x_wconf 83' lang='lat' dir='ltr'><strong>uelint,</strong></span> 
     </span>
     <span class='ocr_line' id='line_1_3' title="bbox 201 453 1196 574; baseline -0.003 -14.894"><span class='ocrx_word' id='word_1_16' title='bbox 201 495 355 559; x_wconf 75' lang='lat' dir='ltr'><strong>tsinatisi</strong></span> <span class='ocrx_word' id='word_1_17' title='bbox 370 494 459 574; x_wconf 84' lang='lat' dir='ltr'><strong>quidl</strong></span> <span class='ocrx_word' id='word_1_18' title='bbox 483 494 509 554; x_wconf 89' lang='lat' dir='ltr'><strong>si</strong></span> <span class='ocrx_word' id='word_1_19' title='bbox 523 509 584 553; x_wconf 90' lang='lat' dir='ltr'><strong>non</strong></span> <span class='ocrx_word' id='word_1_20' title='bbox 600 453 675 554; x_wconf 80' lang='lat' dir='ltr'><strong>uoi&#39;lr</strong></span> <span class='ocrx_word' id='word_1_21' title='bbox 691 488 764 560; x_wconf 83' lang='lat' dir='ltr'><strong>irco,</strong></span> <span class='ocrx_word' id='word_1_22' title='bbox 787 491 840 553; x_wconf 90' lang='lat' dir='ltr'><strong>sed</strong></span> <span class='ocrx_word' id='word_1_23' title='bbox 854 497 969 553; x_wconf 87' lang='lat' dir='ltr'><strong>veteres</strong></span> <span class='ocrx_word' id='word_1_24' title='bbox 983 490 1084 554; x_wconf 91' lang='lat' dir='ltr'><strong>hostes</strong></span> <span class='ocrx_word' id='word_1_25' title='bbox 1101 495 1196 556; x_wconf 84' lang='lat' dir='ltr'><strong>vestrl</strong></span> 
     </span>
     <span class='ocr_line' id='line_1_4' title="bbox 234 573 1197 659; baseline -0.002 -17"><span class='ocrx_word' id='word_1_26' title='bbox 234 581 329 659; x_wconf 75' lang='lat' dir='ltr'><strong>Aequi</strong></span> <span class='ocrx_word' id='word_1_27' title='bbox 342 577 476 640; x_wconf 86' lang='lat' dir='ltr'><strong>Vulscive</strong></span> <span class='ocrx_word' id='word_1_28' title='bbox 493 576 617 645; x_wconf 87' lang='lat' dir='ltr'><strong>iaciant,</strong></span> <span class='ocrx_word' id='word_1_29' title='bbox 633 579 667 636; x_wconf 92' lang='lat' dir='ltr'><strong>ut</strong></span> <span class='ocrx_word' id='word_1_30' title='bbox 682 575 877 653; x_wconf 76' lang='lat' dir='ltr'><strong>commigrent</strong></span> <span class='ocrx_word' id='word_1_31' title='bbox 889 573 1031 646; x_wconf 85' lang='lat' dir='ltr'><strong>Romam,</strong></span> <span class='ocrx_word' id='word_1_32' title='bbox 1055 574 1197 640; x_wconf 83' lang='lat' dir='ltr'><strong>velitisne</strong></span> 
     </span>
     <span class='ocr_line' id='line_1_5' title="bbox 234 656 1179 732; baseline -0.003 -8"><span class='ocrx_word' id='word_1_33' title='bbox 234 662 301 724; x_wconf 90' lang='lat' dir='ltr'><strong>illos</strong></span> <span class='ocrx_word' id='word_1_34' title='bbox 315 662 478 732; x_wconf 81' lang='lat' dir='ltr'><strong>Romanos,</strong></span> <span class='ocrx_word' id='word_1_35' title='bbox 496 677 548 722; x_wconf 86' lang='lat' dir='ltr'><strong>vos</strong></span> <span class='ocrx_word' id='word_1_36' title='bbox 562 659 699 721; x_wconf 76' lang='lat' dir='ltr'><strong>Veientes</strong></span> <span class='ocrx_word' id='word_1_37' title='bbox 713 676 795 727; x_wconf 89' lang='lat' dir='ltr'><strong>esse;</strong></span> <span class='ocrx_word' id='word_1_38' title='bbox 811 676 849 720; x_wconf 89' lang='lat' dir='ltr'><strong>an</strong></span> <span class='ocrx_word' id='word_1_39' title='bbox 863 656 971 720; x_wconf 79' lang='lat' dir='ltr'><strong>mulus</strong></span> <span class='ocrx_word' id='word_1_40' title='bbox 988 658 1067 720; x_wconf 88' lang='lat' dir='ltr'><strong>hanc</strong></span> <span class='ocrx_word' id='word_1_41' title='bbox 1086 657 1179 722; x_wconf 87' lang='lat' dir='ltr'><strong>solitu</strong></span> 
     </span>
     <span class='ocr_line' id='line_1_6' title="bbox 233 739 1195 823; baseline -0.003 -14.991"><span class='ocrx_word' id='word_1_42' title='bbox 233 745 335 808; x_wconf 90' lang='lat' dir='ltr'><strong>dinem</strong></span> <span class='ocrx_word' id='word_1_43' title='bbox 350 751 477 807; x_wconf 82' lang='lat' dir='ltr'><strong>vestram</strong></span> <span class='ocrx_word' id='word_1_44' title='bbox 494 760 583 823; x_wconf 90' lang='lat' dir='ltr'><strong>quam</strong></span> <span class='ocrx_word' id='word_1_45' title='bbox 598 741 704 804; x_wconf 89' lang='lat' dir='ltr'><strong>urbem</strong></span> <span class='ocrx_word' id='word_1_46' title='bbox 718 741 849 803; x_wconf 90' lang='lat' dir='ltr'><strong>hostium</strong></span> <span class='ocrx_word' id='word_1_47' title='bbox 865 739 948 804; x_wconf 81' lang='lat' dir='ltr'><strong>esset</strong></span> <span class='ocrx_word' id='word_1_48' title='bbox 978 759 1039 803; x_wconf 88' lang='lat' dir='ltr'><strong>nou</strong></span> <span class='ocrx_word' id='word_1_49' title='bbox 1053 743 1195 822; x_wconf 76' lang='lat' dir='ltr'><strong>equidem</strong></span> 
     </span>
     <span class='ocr_line' id='line_1_7' title="bbox 235 824 1195 907; baseline 0 -19"><span class='ocrx_word' id='word_1_50' title='bbox 235 830 334 900; x_wconf 87' lang='lat' dir='ltr'><strong>rideo,</strong></span> <span class='ocrx_word' id='word_1_51' title='bbox 349 828 418 907; x_wconf 91' lang='lat' dir='ltr'><strong>quid</strong></span> <span class='ocrx_word' id='word_1_52' title='bbox 430 828 522 906; x_wconf 77' lang='lat' dir='ltr'><strong>magis</strong></span> <span class='ocrx_word' id='word_1_53' title='bbox 536 826 619 886; x_wconf 82' lang='lat' dir='ltr'><strong>netas</strong></span> <span class='ocrx_word' id='word_1_54' title='bbox 634 827 679 887; x_wconf 88' lang='lat' dir='ltr'><strong>sit.</strong></span> <span class='ocrx_word' id='word_1_55' title='bbox 706 825 780 887; x_wconf 88' lang='lat' dir='ltr'><strong>haec</strong></span> <span class='ocrx_word' id='word_1_56' title='bbox 794 824 923 896; x_wconf 86' lang='lat' dir='ltr'><strong>scelera,</strong></span> <span class='ocrx_word' id='word_1_57' title='bbox 939 826 1007 904; x_wconf 86' lang='lat' dir='ltr'><strong>quia</strong></span> <span class='ocrx_word' id='word_1_58' title='bbox 1019 826 1101 904; x_wconf 82' lang='lat' dir='ltr'><strong>piget</strong></span> <span class='ocrx_word' id='word_1_59' title='bbox 1111 827 1195 890; x_wconf 89' lang='lat' dir='ltr'><strong>aedi·</strong></span> 
     </span>
     <span class='ocr_line' id='line_1_8' title="bbox 201 907 1195 988; baseline -0.002 -14"><span class='ocrx_word' id='word_1_60' title='bbox 201 929 219 981; x_wconf 76' lang='grc' dir='ltr'><strong>ε</strong></span> <span class='ocrx_word' id='word_1_61' title='bbox 236 915 340 984; x_wconf 90' lang='lat' dir='ltr'><strong>licare,</strong></span> <span class='ocrx_word' id='word_1_62' title='bbox 356 913 430 972; x_wconf 90' lang='lat' dir='ltr'><strong>haec</strong></span> <span class='ocrx_word' id='word_1_63' title='bbox 445 910 589 973; x_wconf 90' lang='lat' dir='ltr'><strong>dedecora</strong></span> <span class='ocrx_word' id='word_1_64' title='bbox 607 911 667 988; x_wconf 91' lang='lat' dir='ltr'><strong>pati</strong></span> <span class='ocrx_word' id='word_1_65' title='bbox 682 910 778 988; x_wconf 86' lang='lat' dir='ltr'><strong>parati</strong></span> <span class='ocrx_word' id='word_1_66' title='bbox 793 911 863 972; x_wconf 88' lang='lat' dir='ltr'><strong>estis</strong></span> <span class='ocrx_word' id='word_1_67' title='bbox 878 910 890 969; x_wconf 86' lang='lat' dir='ltr'><strong>i</strong></span> <span class='ocrx_word' id='word_1_68' title='bbox 920 909 1022 970; x_wconf 86' lang='lat' dir='ltr'><strong>sitota</strong></span> <span class='ocrx_word' id='word_1_69' title='bbox 1032 907 1108 972; x_wconf 90' lang='lat' dir='ltr'><strong>urbe</strong></span> <span class='ocrx_word' id='word_1_70' title='bbox 1125 910 1195 972; x_wconf 89' lang='lat' dir='ltr'><strong>nul·</strong></span> 
     </span>
     <span class='ocr_line' id='line_1_9' title="bbox 235 993 1195 1074; baseline -0.003 -16"><span class='ocrx_word' id='word_1_71' title='bbox 235 995 297 1058; x_wconf 87' lang='lat' dir='ltr'><strong>lum</strong></span> <span class='ocrx_word' id='word_1_72' title='bbox 315 993 420 1057; x_wconf 86' lang='lat' dir='ltr'><strong>melius</strong></span> <span class='ocrx_word' id='word_1_73' title='bbox 436 993 596 1074; x_wconf 87' lang='lat' dir='ltr'><strong>ampliusve</strong></span> <span class='ocrx_word' id='word_1_74' title='bbox 611 998 721 1057; x_wconf 90' lang='lat' dir='ltr'><strong>tectum</strong></span> <span class='ocrx_word' id='word_1_75' title='bbox 735 993 800 1056; x_wconf 86' lang='lat' dir='ltr'><strong>fleri</strong></span> <span class='ocrx_word' id='word_1_76' title='bbox 814 993 923 1072; x_wconf 90' lang='lat' dir='ltr'><strong>possit,</strong></span> <span class='ocrx_word' id='word_1_77' title='bbox 943 1011 1032 1072; x_wconf 89' lang='lat' dir='ltr'><strong>quam</strong></span> <span class='ocrx_word' id='word_1_78' title='bbox 1051 1009 1119 1054; x_wconf 90' lang='lat' dir='ltr'><strong>casa</strong></span> <span class='ocrx_word' id='word_1_79' title='bbox 1142 993 1195 1055; x_wconf 90' lang='lat' dir='ltr'><strong>illa</strong></span> 
     </span>
     <span class='ocr_line' id='line_1_10' title="bbox 237 1077 1196 1156; baseline -0.003 -14"><span class='ocrx_word' id='word_1_80' title='bbox 237 1078 397 1142; x_wconf 88' lang='lat' dir='ltr'><strong>conditoris</strong></span> <span class='ocrx_word' id='word_1_81' title='bbox 409 1084 454 1139; x_wconf 89' lang='lat' dir='ltr'><strong>est</strong></span> <span class='ocrx_word' id='word_1_82' title='bbox 464 1077 570 1148; x_wconf 82' lang='lat' dir='ltr'><strong>nostri,</strong></span> <span class='ocrx_word' id='word_1_83' title='bbox 585 1078 687 1137; x_wconf 87' lang='lat' dir='ltr'><strong>nonin</strong></span> <span class='ocrx_word' id='word_1_84' title='bbox 699 1078 773 1139; x_wconf 88' lang='lat' dir='ltr'><strong>casis</strong></span> <span class='ocrx_word' id='word_1_85' title='bbox 783 1078 842 1138; x_wconf 91' lang='lat' dir='ltr'><strong>ritu</strong></span> <span class='ocrx_word' id='word_1_86' title='bbox 851 1082 1004 1156; x_wconf 88' lang='lat' dir='ltr'><strong>pastorum</strong></span> <span class='ocrx_word' id='word_1_87' title='bbox 1016 1077 1196 1154; x_wconf 76' lang='lat' dir='ltr'><strong>agrestium-</strong></span> 
     </span>
     <span class='ocr_line' id='line_1_11' title="bbox 237 1161 1196 1244; baseline -0.004 -19"><span class='ocrx_word' id='word_1_88' title='bbox 237 1180 294 1244; x_wconf 88' lang='lat' dir='ltr'><strong>que</strong></span> <span class='ocrx_word' id='word_1_89' title='bbox 305 1161 439 1224; x_wconf 87' lang='lat' dir='ltr'><strong>habitare</strong></span> <span class='ocrx_word' id='word_1_90' title='bbox 448 1167 493 1223; x_wconf 90' lang='lat' dir='ltr'><strong>est</strong></span> <span class='ocrx_word' id='word_1_91' title='bbox 504 1161 594 1222; x_wconf 88' lang='lat' dir='ltr'><strong>satius</strong></span> <span class='ocrx_word' id='word_1_92' title='bbox 604 1161 681 1223; x_wconf 89' lang='lat' dir='ltr'><strong>inter</strong></span> <span class='ocrx_word' id='word_1_93' title='bbox 689 1177 773 1222; x_wconf 89' lang='lat' dir='ltr'><strong>sacra</strong></span> <span class='ocrx_word' id='word_1_94' title='bbox 780 1167 962 1240; x_wconf 89' lang='lat' dir='ltr'><strong>penatesque</strong></span> <span class='ocrx_word' id='word_1_95' title='bbox 972 1165 1196 1240; x_wconf 86' lang='lat' dir='ltr'><strong>nostrosquam</strong></span> 
     </span>
     <span class='ocr_line' id='line_1_12' title="bbox 202 1244 1195 1325; baseline 0.001 -20"><span class='ocrx_word' id='word_1_96' title='bbox 202 1246 385 1310; x_wconf 76' lang='lat' dir='ltr'><strong>texuiatum</strong></span> <span class='ocrx_word' id='word_1_97' title='bbox 408 1245 527 1325; x_wconf 92' lang='lat' dir='ltr'><strong>publice</strong></span> <span class='ocrx_word' id='word_1_98' title='bbox 547 1244 610 1305; x_wconf 87' lang='lat' dir='ltr'><strong>iret</strong></span> <span class='ocrx_word' id='word_1_99' title='bbox 642 1245 767 1306; x_wconf 87' lang='lat' dir='ltr'><strong>maiores</strong></span> <span class='ocrx_word' id='word_1_100' title='bbox 790 1245 898 1315; x_wconf 82' lang='lat' dir='ltr'><strong>nostri,</strong></span> <span class='ocrx_word' id='word_1_101' title='bbox 921 1261 1069 1306; x_wconf 87' lang='lat' dir='ltr'><strong>conuenae</strong></span> <span class='ocrx_word' id='word_1_102' title='bbox 1091 1250 1195 1322; x_wconf 82' lang='lat' dir='ltr'><strong>pasto·</strong></span> 
     </span>
     <span class='ocr_line' id='line_1_13' title="bbox 236 1326 1197 1408; baseline -0.001 -16"><span class='ocrx_word' id='word_1_103' title='bbox 236 1347 360 1408; x_wconf 87' lang='lat' dir='ltr'><strong>resque,</strong></span> <span class='ocrx_word' id='word_1_104' title='bbox 387 1346 454 1390; x_wconf 90' lang='lat' dir='ltr'><strong>cum</strong></span> <span class='ocrx_word' id='word_1_105' title='bbox 478 1330 509 1389; x_wconf 88' lang='lat' dir='ltr'><strong>in</strong></span> <span class='ocrx_word' id='word_1_106' title='bbox 534 1328 580 1389; x_wconf 93' lang='lat' dir='ltr'><strong>his</strong></span> <span class='ocrx_word' id='word_1_107' title='bbox 605 1326 678 1388; x_wconf 89' lang='lat' dir='ltr'><strong>locis</strong></span> <span class='ocrx_word' id='word_1_108' title='bbox 702 1326 774 1388; x_wconf 79' lang='lat' dir='ltr'><strong>nitri]</strong></span> <span class='ocrx_word' id='word_1_109' title='bbox 799 1333 918 1408; x_wconf 90' lang='lat' dir='ltr'><strong>praeter</strong></span> <span class='ocrx_word' id='word_1_110' title='bbox 942 1327 1028 1389; x_wconf 88' lang='lat' dir='ltr'><strong>siivas</strong></span> <span class='ocrx_word' id='word_1_111' title='bbox 1053 1326 1197 1406; x_wconf 83' lang='lat' dir='ltr'><strong>paludes·</strong></span> 
     </span>
     <span class='ocr_line' id='line_1_14' title="bbox 237 1408 1196 1493; baseline 0 -19"><span class='ocrx_word' id='word_1_112' title='bbox 237 1431 296 1493; x_wconf 90' lang='lat' dir='ltr'><strong>que</strong></span> <span class='ocrx_word' id='word_1_113' title='bbox 311 1421 403 1483; x_wconf 89' lang='lat' dir='ltr'><strong>esset,</strong></span> <span class='ocrx_word' id='word_1_114' title='bbox 425 1429 529 1473; x_wconf 86' lang='lat' dir='ltr'><strong>novam</strong></span> <span class='ocrx_word' id='word_1_115' title='bbox 545 1408 651 1472; x_wconf 86' lang='lat' dir='ltr'><strong>urbem</strong></span> <span class='ocrx_word' id='word_1_116' title='bbox 668 1417 727 1472; x_wconf 90' lang='lat' dir='ltr'><strong>tam</strong></span> <span class='ocrx_word' id='word_1_117' title='bbox 741 1409 824 1473; x_wconf 84' lang='lat' dir='ltr'><strong>lueri</strong></span> <span class='ocrx_word' id='word_1_118' title='bbox 840 1412 1046 1473; x_wconf 86' lang='lat' dir='ltr'><strong>aedificarunt:</strong></span> <span class='ocrx_word' id='word_1_119' title='bbox 1067 1428 1126 1473; x_wconf 91' lang='lat' dir='ltr'><strong>nos</strong></span> <span class='ocrx_word' id='word_1_120' title='bbox 1140 1412 1196 1474; x_wconf 81' lang='lat' dir='ltr'><strong>Ca·</strong></span> 
     </span>
     <span class='ocr_line' id='line_1_15' title="bbox 237 1493 1195 1576; baseline 0.001 -20"><span class='ocrx_word' id='word_1_121' title='bbox 237 1495 337 1576; x_wconf 90' lang='lat' dir='ltr'><strong>pitolio</strong></span> <span class='ocrx_word' id='word_1_122' title='bbox 349 1513 418 1557; x_wconf 89' lang='lat' dir='ltr'><strong>arce</strong></span> <span class='ocrx_word' id='word_1_123' title='bbox 428 1494 583 1564; x_wconf 87' lang='lat' dir='ltr'><strong>incolumi,</strong></span> <span class='ocrx_word' id='word_1_124' title='bbox 602 1493 747 1556; x_wconf 89' lang='lat' dir='ltr'><strong>stantibus</strong></span> <span class='ocrx_word' id='word_1_125' title='bbox 758 1493 876 1573; x_wconf 89' lang='lat' dir='ltr'><strong>templis</strong></span> <span class='ocrx_word' id='word_1_126' title='bbox 894 1493 1018 1556; x_wconf 89' lang='lat' dir='ltr'><strong>deorum</strong></span> <span class='ocrx_word' id='word_1_127' title='bbox 1034 1494 1195 1558; x_wconf 84' lang='lat' dir='ltr'><strong>aedificare</strong></span> 
     </span>
     <span class='ocr_line' id='line_1_16' title="bbox 236 1577 1196 1659; baseline 0.001 -18"><span class='ocrx_word' id='word_1_128' title='bbox 236 1581 356 1641; x_wconf 86' lang='lat' dir='ltr'><strong>incensa</strong></span> <span class='ocrx_word' id='word_1_129' title='bbox 371 1579 470 1659; x_wconf 72' lang='lat' dir='ltr'><strong>piget?</strong></span> <span class='ocrx_word' id='word_1_130' title='bbox 502 1583 530 1640; x_wconf 92' lang='lat' dir='ltr'><strong>et</strong></span> <span class='ocrx_word' id='word_1_131' title='bbox 551 1579 630 1656; x_wconf 92' lang='lat' dir='ltr'><strong>quod</strong></span> <span class='ocrx_word' id='word_1_132' title='bbox 652 1577 760 1655; x_wconf 81' lang='lat' dir='ltr'><strong>singuli</strong></span> <span class='ocrx_word' id='word_1_133' title='bbox 782 1577 889 1638; x_wconf 84' lang='lat' dir='ltr'><strong>facturi</strong></span> <span class='ocrx_word' id='word_1_134' title='bbox 905 1577 1033 1648; x_wconf 87' lang='lat' dir='ltr'><strong>inimus,</strong></span> <span class='ocrx_word' id='word_1_135' title='bbox 1057 1579 1083 1639; x_wconf 87' lang='lat' dir='ltr'><strong>si</strong></span> <span class='ocrx_word' id='word_1_136' title='bbox 1103 1579 1196 1642; x_wconf 87' lang='lat' dir='ltr'><strong>aedes</strong></span> 
     </span>
     <span class='ocr_line' id='line_1_17' title="bbox 236 1659 1196 1741; baseline -0.002 -17"><span class='ocrx_word' id='word_1_137' title='bbox 236 1667 356 1726; x_wconf 88' lang='lat' dir='ltr'><strong>nostrae</strong></span> <span class='ocrx_word' id='word_1_138' title='bbox 378 1662 603 1740; x_wconf 84' lang='lat' dir='ltr'><strong>deflagrassent,</strong></span> <span class='ocrx_word' id='word_1_139' title='bbox 628 1661 719 1722; x_wconf 92' lang='lat' dir='ltr'><strong>hoc</strong></span> <span class='ocrx_word' id='word_1_140' title='bbox 711 1678 742 1722; x_wconf 89' lang='lat' dir='ltr'><strong>m</strong></span> <span class='ocrx_word' id='word_1_141' title='bbox 762 1659 882 1741; x_wconf 89' lang='lat' dir='ltr'><strong>publico</strong></span> <span class='ocrx_word' id='word_1_142' title='bbox 902 1661 1039 1723; x_wconf 90' lang='lat' dir='ltr'><strong>incendio</strong></span> <span class='ocrx_word' id='word_1_143' title='bbox 1060 1662 1196 1724; x_wconf 86' lang='lat' dir='ltr'><strong>universi</strong></span> 
     </span>
     <span class='ocr_line' id='line_1_18' title="bbox 228 1745 560 1810; baseline 0.003 -3.033"><span class='ocrx_word' id='word_1_144' title='bbox 228 1764 409 1810; x_wconf 79' lang='lat' dir='ltr'><strong>recusamus</strong></span> <span class='ocrx_word' id='word_1_145' title='bbox 423 1745 560 1808; x_wconf 81' lang='lat' dir='ltr'><strong>iaceret‘⁴</strong></span> 
     </span>
     <span class='ocr_line' id='line_1_19' title="bbox 204 1826 1253 1900; baseline -0.001 -10"><span class='ocrx_word' id='word_1_146' title='bbox 204 1826 218 1878; x_wconf 90' lang='lat'>1</span> <span class='ocrx_word' id='word_1_147' title='bbox 298 1829 368 1890; x_wconf 81' lang='lat' dir='ltr'><strong>Liv.</strong></span> <span class='ocrx_word' id='word_1_148' title='bbox 400 1827 497 1900; x_wconf 82' lang='lat' dir='ltr'><strong>„de</strong></span> <span class='ocrx_word' id='word_1_149' title='bbox 516 1829 648 1899; x_wconf 89' lang='lat' dir='ltr'><strong>tandem,</strong></span> <span class='ocrx_word' id='word_1_150' title='bbox 672 1829 697 1889; x_wconf 93' lang='lat' dir='ltr'><strong>si</strong></span> <span class='ocrx_word' id='word_1_151' title='bbox 716 1828 837 1899; x_wconf 85' lang='lat' dir='ltr'><strong>fraude,</strong></span> <span class='ocrx_word' id='word_1_152' title='bbox 861 1829 982 1890; x_wconf 90' lang='lat' dir='ltr'><strong>sicasu</strong></span> <span class='ocrx_word' id='word_1_153' title='bbox 998 1827 1066 1890; x_wconf 83' lang='lat' dir='ltr'><strong>Veis</strong></span> <span class='ocrx_word' id='word_1_154' title='bbox 1088 1829 1191 1891; x_wconf 86' lang='lat' dir='ltr'><strong>lucen·</strong></span> <span class='ocrx_word' id='word_1_155' title='bbox 1252 1877 1253 1882; x_wconf 30' lang='lat'>1</span> 
     </span>
     <span class='ocr_line' id='line_1_20' title="bbox 238 1905 1253 1991; baseline -0.001 -17"><span class='ocrx_word' id='word_1_156' title='bbox 238 1911 319 1974; x_wconf 92' lang='lat' dir='ltr'><strong>dium</strong></span> <span class='ocrx_word' id='word_1_157' title='bbox 334 1905 432 1974; x_wconf 90' lang='lat' dir='ltr'><strong>ortum</strong></span> <span class='ocrx_word' id='word_1_158' title='bbox 446 1914 498 1984; x_wconf 90' lang='lat' dir='ltr'><strong>sit,</strong></span> <span class='ocrx_word' id='word_1_159' title='bbox 514 1919 675 1991; x_wconf 87' lang='lat' dir='ltr'><strong>ventoque,</strong></span> <span class='ocrx_word' id='word_1_160' title='bbox 686 1915 726 1972; x_wconf 93' lang='lat' dir='ltr'><strong>ut</strong></span> <span class='ocrx_word' id='word_1_161' title='bbox 739 1912 804 1972; x_wconf 86' lang='lat' dir='ltr'><strong>lieri</strong></span> <span class='ocrx_word' id='word_1_162' title='bbox 820 1916 930 1990; x_wconf 90' lang='lat' dir='ltr'><strong>potest,</strong></span> <span class='ocrx_word' id='word_1_163' title='bbox 950 1911 1054 1972; x_wconf 79' lang='lat' dir='ltr'><strong>diffusa</strong></span> <span class='ocrx_word' id='word_1_164' title='bbox 1073 1911 1195 1973; x_wconf 84' lang='lat' dir='ltr'><strong>flamma</strong></span> <span class='ocrx_word' id='word_1_165' title='bbox 1252 1919 1253 1950; x_wconf 55' lang='lat' dir='ltr'><strong>i</strong></span> 
     </span>
     <span class='ocr_line' id='line_1_21' title="bbox 238 1994 1194 2075; baseline -0.001 -19"><span class='ocrx_word' id='word_1_166' title='bbox 238 2014 373 2074; x_wconf 81' lang='lat' dir='ltr'><strong>magnam</strong></span> <span class='ocrx_word' id='word_1_167' title='bbox 388 2002 502 2075; x_wconf 88' lang='lat' dir='ltr'><strong>partem</strong></span> <span class='ocrx_word' id='word_1_168' title='bbox 517 1995 599 2057; x_wconf 89' lang='lat' dir='ltr'><strong>urhis</strong></span> <span class='ocrx_word' id='word_1_169' title='bbox 614 1995 765 2065; x_wconf 88' lang='lat' dir='ltr'><strong>absumat,</strong></span> <span class='ocrx_word' id='word_1_170' title='bbox 788 1994 914 2056; x_wconf 83' lang='lat' dir='ltr'><strong>lidenas</strong></span> <span class='ocrx_word' id='word_1_171' title='bbox 934 1995 1003 2056; x_wconf 92' lang='lat' dir='ltr'><strong>inde</strong></span> <span class='ocrx_word' id='word_1_172' title='bbox 1017 1999 1067 2055; x_wconf 92' lang='lat' dir='ltr'><strong>aut</strong></span> <span class='ocrx_word' id='word_1_173' title='bbox 1082 1994 1194 2056; x_wconf 84' lang='lat' dir='ltr'><strong>Gabios</strong></span> 
     </span>
     <span class='ocr_line' id='line_1_22' title="bbox 238 2077 1193 2158; baseline 0 -18"><span class='ocrx_word' id='word_1_174' title='bbox 238 2078 359 2142; x_wconf 84' lang='lat' dir='ltr'><strong>aliamve</strong></span> <span class='ocrx_word' id='word_1_175' title='bbox 373 2096 461 2158; x_wconf 89' lang='lat' dir='ltr'><strong>quam</strong></span> <span class='ocrx_word' id='word_1_176' title='bbox 477 2077 583 2140; x_wconf 89' lang='lat' dir='ltr'><strong>urbem</strong></span> <span class='ocrx_word' id='word_1_177' title='bbox 599 2079 760 2158; x_wconf 81' lang='lat' dir='ltr'><strong>quaesituri</strong></span> <span class='ocrx_word' id='word_1_178' title='bbox 775 2095 894 2148; x_wconf 90' lang='lat' dir='ltr'><strong>sumus,</strong></span> <span class='ocrx_word' id='word_1_179' title='bbox 918 2096 977 2157; x_wconf 90' lang='lat' dir='ltr'><strong>quo</strong></span> <span class='ocrx_word' id='word_1_180' title='bbox 998 2078 1193 2156; x_wconf 75' lang='lat' dir='ltr'><strong>transmigre-</strong></span> 
     </span>
     <span class='ocr_line' id='line_1_23' title="bbox 203 2160 1194 2240; baseline -0.004 -14"><span class='ocrx_word' id='word_1_181' title='bbox 203 2174 220 2226; x_wconf 79' lang='lat'>2</span> <span class='ocrx_word' id='word_1_182' title='bbox 237 2163 323 2224; x_wconf 84' lang='lat' dir='ltr'><strong>musi</strong></span> <span class='ocrx_word' id='word_1_183' title='bbox 349 2162 423 2224; x_wconf 91' lang='lat' dir='ltr'><strong>adeo</strong></span> <span class='ocrx_word' id='word_1_184' title='bbox 434 2160 507 2222; x_wconf 88' lang='lat' dir='ltr'><strong>nihil</strong></span> <span class='ocrx_word' id='word_1_185' title='bbox 520 2160 704 2222; x_wconf 88' lang='lat' dir='ltr'><strong>tenetsolum</strong></span> <span class='ocrx_word' id='word_1_186' title='bbox 714 2162 827 2240; x_wconf 82' lang='lat' dir='ltr'><strong>patriae</strong></span> <span class='ocrx_word' id='word_1_187' title='bbox 841 2179 897 2223; x_wconf 89' lang='lat' dir='ltr'><strong>uec</strong></span> <span class='ocrx_word' id='word_1_188' title='bbox 907 2162 980 2223; x_wconf 90' lang='lat' dir='ltr'><strong>haec</strong></span> <span class='ocrx_word' id='word_1_189' title='bbox 990 2167 1085 2230; x_wconf 90' lang='lat' dir='ltr'><strong>terra,</strong></span> <span class='ocrx_word' id='word_1_190' title='bbox 1101 2178 1194 2239; x_wconf 86' lang='lat' dir='ltr'><strong>quam</strong></span> 
     </span>
     <span class='ocr_line' id='line_1_24' title="bbox 236 2242 1193 2325; baseline -0.002 -19"><span class='ocrx_word' id='word_1_191' title='bbox 236 2251 361 2306; x_wconf 90' lang='lat' dir='ltr'><strong>matrem</strong></span> <span class='ocrx_word' id='word_1_192' title='bbox 383 2242 579 2323; x_wconf 86' lang='lat' dir='ltr'><strong>appellamus,</strong></span> <span class='ocrx_word' id='word_1_193' title='bbox 602 2244 654 2306; x_wconf 88' lang='lat' dir='ltr'><strong>sed</strong></span> <span class='ocrx_word' id='word_1_194' title='bbox 675 2244 707 2304; x_wconf 89' lang='lat' dir='ltr'><strong>in</strong></span> <span class='ocrx_word' id='word_1_195' title='bbox 727 2244 884 2325; x_wconf 85' lang='lat' dir='ltr'><strong>superficie</strong></span> <span class='ocrx_word' id='word_1_196' title='bbox 911 2245 1057 2323; x_wconf 85' lang='lat' dir='ltr'><strong>tignisque</strong></span> <span class='ocrx_word' id='word_1_197' title='bbox 1083 2245 1193 2305; x_wconf 84' lang='lat' dir='ltr'><strong>caritas</strong></span> 
     </span>
     <span class='ocr_line' id='line_1_25' title="bbox 202 2326 1193 2407; baseline -0.001 -18"><span class='ocrx_word' id='word_1_198' title='bbox 202 2335 219 2388; x_wconf 86' lang='lat' dir='ltr'><strong>tt</strong></span> <span class='ocrx_word' id='word_1_199' title='bbox 236 2327 322 2389; x_wconf 90' lang='lat' dir='ltr'><strong>nobis</strong></span> <span class='ocrx_word' id='word_1_200' title='bbox 340 2327 453 2407; x_wconf 82' lang='lat' dir='ltr'><strong>patriae</strong></span> <span class='ocrx_word' id='word_1_201' title='bbox 467 2326 593 2405; x_wconf 84' lang='lat' dir='ltr'><strong>pendeti</strong></span> <span class='ocrx_word' id='word_1_202' title='bbox 622 2327 759 2406; x_wconf 85' lang='lat' dir='ltr'><strong>equidem</strong></span> <span class='ocrx_word' id='word_1_203' title='bbox 772 2360 807 2372; x_wconf 91' lang='lat'><em>-</em></span> <span class='ocrx_word' id='word_1_204' title='bbox 822 2326 937 2389; x_wconf 80' lang='lat' dir='ltr'><strong>fatebor</strong></span> <span class='ocrx_word' id='word_1_205' title='bbox 950 2326 1048 2397; x_wconf 87' lang='lat' dir='ltr'><strong>vobis,</strong></span> <span class='ocrx_word' id='word_1_206' title='bbox 1065 2327 1122 2389; x_wconf 86' lang='lat' dir='ltr'><strong>etsi</strong></span> <span class='ocrx_word' id='word_1_207' title='bbox 1137 2329 1193 2388; x_wconf 91' lang='lat' dir='ltr'><strong>rni-</strong></span> 
     </span>
     <span class='ocr_line' id='line_1_26' title="bbox 236 2409 1194 2488; baseline 0.002 -16"><span class='ocrx_word' id='word_1_208' title='bbox 236 2428 293 2472; x_wconf 91' lang='lat' dir='ltr'><strong>nus</strong></span> <span class='ocrx_word' id='word_1_209' title='bbox 318 2410 443 2472; x_wconf 87' lang='lat' dir='ltr'><strong>iniuriae</strong></span> <span class='ocrx_word' id='word_1_210' title='bbox 469 2417 582 2472; x_wconf 86' lang='lat' dir='ltr'><strong>restrae</strong></span> <span class='ocrx_word' id='word_1_211' title='bbox 598 2427 696 2488; x_wconf 36' lang='lat' dir='ltr'><strong>*mam</strong></span> <span class='ocrx_word' id='word_1_212' title='bbox 720 2428 803 2472; x_wconf 89' lang='lat' dir='ltr'><strong>meae</strong></span> <span class='ocrx_word' id='word_1_213' title='bbox 823 2409 996 2474; x_wconf 81' lang='lat' dir='ltr'><strong>calamitatis</strong></span> <span class='ocrx_word' id='word_1_214' title='bbox 1020 2411 1194 2474; x_wconf 79' lang='lat' dir='ltr'><strong>meminisse</strong></span> 
     </span>
     <span class='ocr_line' id='line_1_27' title="bbox 235 2491 1193 2574; baseline 0.001 -20"><span class='ocrx_word' id='word_1_215' title='bbox 235 2495 315 2556; x_wconf 87' lang='lat' dir='ltr'><strong>iuvat</strong></span> <span class='ocrx_word' id='word_1_216' title='bbox 331 2527 365 2538; x_wconf 97' lang='lat'><em>-</em></span> <span class='ocrx_word' id='word_1_217' title='bbox 381 2511 448 2555; x_wconf 90' lang='lat' dir='ltr'><strong>cnm</strong></span> <span class='ocrx_word' id='word_1_218' title='bbox 466 2491 614 2565; x_wconf 88' lang='lat' dir='ltr'><strong>abessem,</strong></span> <span class='ocrx_word' id='word_1_219' title='bbox 630 2494 893 2573; x_wconf 86' lang='lat' dir='ltr'><strong>quotienscumque</strong></span> <span class='ocrx_word' id='word_1_220' title='bbox 905 2494 1001 2574; x_wconf 89' lang='lat' dir='ltr'><strong>patria</strong></span> <span class='ocrx_word' id='word_1_221' title='bbox 1014 2495 1045 2555; x_wconf 89' lang='lat' dir='ltr'><strong>in</strong></span> <span class='ocrx_word' id='word_1_222' title='bbox 1059 2500 1193 2556; x_wconf 84' lang='lat' dir='ltr'><strong>mentem</strong></span> 
     </span>
     <span class='ocr_line' id='line_1_28' title="bbox 235 2576 1193 2657; baseline 0.002 -20"><span class='ocrx_word' id='word_1_223' title='bbox 235 2578 367 2649; x_wconf 84' lang='lat' dir='ltr'><strong>reniret,</strong></span> <span class='ocrx_word' id='word_1_224' title='bbox 384 2577 571 2639; x_wconf 88' lang='lat' dir='ltr'><strong>haecomnia</strong></span> <span class='ocrx_word' id='word_1_225' title='bbox 589 2577 803 2648; x_wconf 88' lang='lat' dir='ltr'><strong>occurrebant,</strong></span> <span class='ocrx_word' id='word_1_226' title='bbox 821 2576 912 2640; x_wconf 89' lang='lat' dir='ltr'><strong>colles</strong></span> <span class='ocrx_word' id='word_1_227' title='bbox 928 2579 1084 2657; x_wconf 86' lang='lat' dir='ltr'><strong>campique</strong></span> <span class='ocrx_word' id='word_1_228' title='bbox 1099 2584 1130 2638; x_wconf 88' lang='lat' dir='ltr'><strong>et</strong></span> <span class='ocrx_word' id='word_1_229' title='bbox 1141 2577 1193 2639; x_wconf 78' lang='lat' dir='ltr'><strong>&#39;ii-</strong></span> 
     </span>
     <span class='ocr_line' id='line_1_29' title="bbox 235 2659 1193 2739; baseline 0.002 -19"><span class='ocrx_word' id='word_1_230' title='bbox 235 2659 317 2722; x_wconf 86' lang='lat' dir='ltr'><strong>berls</strong></span> <span class='ocrx_word' id='word_1_231' title='bbox 331 2665 361 2722; x_wconf 92' lang='lat' dir='ltr'><strong>et</strong></span> <span class='ocrx_word' id='word_1_232' title='bbox 376 2660 496 2722; x_wconf 84' lang='lat' dir='ltr'><strong>adsueta</strong></span> <span class='ocrx_word' id='word_1_233' title='bbox 513 2659 606 2722; x_wconf 91' lang='lat' dir='ltr'><strong>oculis</strong></span> <span class='ocrx_word' id='word_1_234' title='bbox 619 2661 702 2738; x_wconf 84' lang='lat' dir='ltr'><strong>regio</strong></span> <span class='ocrx_word' id='word_1_235' title='bbox 724 2667 753 2722; x_wconf 91' lang='lat' dir='ltr'><strong>et</strong></span> <span class='ocrx_word' id='word_1_236' title='bbox 767 2659 824 2722; x_wconf 94' lang='lat' dir='ltr'><strong>hoc</strong></span> <span class='ocrx_word' id='word_1_237' title='bbox 841 2660 970 2732; x_wconf 87' lang='lat' dir='ltr'><strong>caelum,</strong></span> <span class='ocrx_word' id='word_1_238' title='bbox 990 2660 1046 2723; x_wconf 89' lang='lat' dir='ltr'><strong>sub</strong></span> <span class='ocrx_word' id='word_1_239' title='bbox 1062 2678 1123 2739; x_wconf 94' lang='lat' dir='ltr'><strong>quo</strong></span> <span class='ocrx_word' id='word_1_240' title='bbox 1138 2678 1193 2722; x_wconf 88' lang='lat' dir='ltr'><strong>na-</strong></span> 
     </span>
     <span class='ocr_line' id='line_1_30' title="bbox 144 2741 1194 2822; baseline 0 -18"><span class='ocrx_word' id='word_1_241' title='bbox 144 2745 148 2750; x_wconf 86' lang='lat'>&#39;</span> <span class='ocrx_word' id='word_1_242' title='bbox 235 2752 284 2806; x_wconf 87' lang='lat' dir='ltr'><strong>tus</strong></span> <span class='ocrx_word' id='word_1_243' title='bbox 296 2744 495 2822; x_wconf 85' lang='lat' dir='ltr'><strong>educatusque</strong></span> <span class='ocrx_word' id='word_1_244' title='bbox 507 2762 618 2813; x_wconf 72' lang='lat' dir='ltr'><strong>essem:</strong></span> <span class='ocrx_word' id='word_1_245' title='bbox 634 2761 709 2822; x_wconf 89' lang='lat' dir='ltr'><strong>quae</strong></span> <span class='ocrx_word' id='word_1_246' title='bbox 721 2762 787 2816; x_wconf 88' lang='lat' dir='ltr'><strong>vos,</strong></span> <span class='ocrx_word' id='word_1_247' title='bbox 802 2741 945 2816; x_wconf 86' lang='lat' dir='ltr'><strong>Quirites,</strong></span> <span class='ocrx_word' id='word_1_248' title='bbox 960 2762 1040 2807; x_wconf 87' lang='lat' dir='ltr'><strong>nunc</strong></span> <span class='ocrx_word' id='word_1_249' title='bbox 1053 2750 1194 2806; x_wconf 86' lang='lat' dir='ltr'><strong>moveant</strong></span> 
     </span>
     <span class='ocr_line' id='line_1_31' title="bbox 235 2828 1193 2906; baseline 0.001 -18"><span class='ocrx_word' id='word_1_250' title='bbox 235 2829 335 2906; x_wconf 87' lang='lat' dir='ltr'><strong>potius</strong></span> <span class='ocrx_word' id='word_1_251' title='bbox 360 2829 480 2889; x_wconf 90' lang='lat' dir='ltr'><strong>caritate</strong></span> <span class='ocrx_word' id='word_1_252' title='bbox 503 2845 574 2898; x_wconf 86' lang='lat' dir='ltr'><strong>sua,</strong></span> <span class='ocrx_word' id='word_1_253' title='bbox 599 2835 632 2890; x_wconf 92' lang='lat' dir='ltr'><strong>ut</strong></span> <span class='ocrx_word' id='word_1_254' title='bbox 659 2828 802 2891; x_wconf 88' lang='lat' dir='ltr'><strong>maneatis</strong></span> <span class='ocrx_word' id='word_1_255' title='bbox 822 2828 854 2886; x_wconf 89' lang='lat' dir='ltr'><strong>in</strong></span> <span class='ocrx_word' id='word_1_256' title='bbox 875 2828 945 2890; x_wconf 90' lang='lat' dir='ltr'><strong>sede</strong></span> <span class='ocrx_word' id='word_1_257' title='bbox 966 2833 1079 2898; x_wconf 71' lang='lat' dir='ltr'><strong>vestra,</strong></span> <span class='ocrx_word' id='word_1_258' title='bbox 1099 2845 1193 2906; x_wconf 90' lang='lat' dir='ltr'><strong>quam</strong></span> 
     </span>
     <span class='ocr_line' id='line_1_32' title="bbox 202 2909 1193 2990; baseline 0.001 -18"><span class='ocrx_word' id='word_1_259' title='bbox 202 2916 353 2990; x_wconf 87' lang='lat' dir='ltr'><strong>tpostea,</strong></span> <span class='ocrx_word' id='word_1_260' title='bbox 372 2928 439 2971; x_wconf 91' lang='lat' dir='ltr'><strong>cum</strong></span> <span class='ocrx_word' id='word_1_261' title='bbox 452 2909 646 2990; x_wconf 87' lang='lat' dir='ltr'><strong>reliqueritis,</strong></span> <span class='ocrx_word' id='word_1_262' title='bbox 663 2929 697 2973; x_wconf 86' lang='lat' dir='ltr'><strong>ea</strong></span> <span class='ocrx_word' id='word_1_263' title='bbox 706 2917 858 2974; x_wconf 90' lang='lat' dir='ltr'><strong>macerent</strong></span> <span class='ocrx_word' id='word_1_264' title='bbox 869 2911 1024 2973; x_wconf 90' lang='lat' dir='ltr'><strong>desiderio.</strong></span> <span class='ocrx_word' id='word_1_265' title='bbox 1046 2928 1107 2971; x_wconf 91' lang='lat' dir='ltr'><strong>non</strong></span> <span class='ocrx_word' id='word_1_266' title='bbox 1125 2912 1193 2973; x_wconf 87' lang='lat' dir='ltr'><strong>sine</strong></span> 
     </span>
     <span class='ocr_line' id='line_1_33' title="bbox 236 2992 1193 3072; baseline 0.001 -17"><span class='ocrx_word' id='word_1_267' title='bbox 236 3011 324 3056; x_wconf 89' lang='lat' dir='ltr'><strong>causa</strong></span> <span class='ocrx_word' id='word_1_268' title='bbox 339 2993 379 3055; x_wconf 90' lang='lat' dir='ltr'><strong>dii</strong></span> <span class='ocrx_word' id='word_1_269' title='bbox 393 2992 587 3072; x_wconf 79' lang='lat' dir='ltr'><strong>hominesque</strong></span> <span class='ocrx_word' id='word_1_270' title='bbox 606 2994 686 3057; x_wconf 91' lang='lat' dir='ltr'><strong>hunc</strong></span> <span class='ocrx_word' id='word_1_271' title='bbox 702 2995 769 3056; x_wconf 93' lang='lat' dir='ltr'><strong>urbi</strong></span> <span class='ocrx_word' id='word_1_272' title='bbox 788 2996 959 3058; x_wconf 88' lang='lat' dir='ltr'><strong>condendae</strong></span> <span class='ocrx_word' id='word_1_273' title='bbox 976 2993 1075 3057; x_wconf 89' lang='lat' dir='ltr'><strong>locum</strong></span> <span class='ocrx_word' id='word_1_274' title='bbox 1091 2992 1193 3072; x_wconf 77' lang='lat' dir='ltr'><strong>elege-</strong></span> 
     </span>
     <span class='ocr_line' id='line_1_34' title="bbox 235 3075 1192 3159; baseline -0.002 -19"><span class='ocrx_word' id='word_1_275' title='bbox 235 3083 320 3148; x_wconf 85' lang='lat' dir='ltr'><strong>runt,</strong></span> <span class='ocrx_word' id='word_1_276' title='bbox 341 3075 553 3140; x_wconf 89' lang='lat' dir='ltr'><strong>saluberrimos</strong></span> <span class='ocrx_word' id='word_1_277' title='bbox 574 3077 677 3148; x_wconf 90' lang='lat' dir='ltr'><strong>colles,</strong></span> <span class='ocrx_word' id='word_1_278' title='bbox 703 3078 814 3141; x_wconf 89' lang='lat' dir='ltr'><strong>ilumen</strong></span> <span class='ocrx_word' id='word_1_279' title='bbox 835 3086 1130 3159; x_wconf 71' lang='lat' dir='ltr'><strong>opportunumque</strong></span> <span class='ocrx_word' id='word_1_280' title='bbox 1154 3096 1192 3139; x_wconf 86' lang='lat' dir='ltr'><strong>ex</strong></span> 
     </span>
     <span class='ocr_line' id='line_1_35' title="bbox 235 3160 1192 3241; baseline -0.001 -19"><span class='ocrx_word' id='word_1_281' title='bbox 235 3160 459 3223; x_wconf 87' lang='lat' dir='ltr'><strong>mediterraneis</strong></span> <span class='ocrx_word' id='word_1_282' title='bbox 470 3160 544 3223; x_wconf 90' lang='lat' dir='ltr'><strong>locis</strong></span> <span class='ocrx_word' id='word_1_283' title='bbox 556 3162 656 3241; x_wconf 81' lang='lat' dir='ltr'><strong>fruges</strong></span> <span class='ocrx_word' id='word_1_284' title='bbox 667 3161 863 3235; x_wconf 85' lang='lat' dir='ltr'><strong>devehantur,</strong></span> <span class='ocrx_word' id='word_1_285' title='bbox 878 3181 939 3241; x_wconf 92' lang='lat' dir='ltr'><strong>quo</strong></span> <span class='ocrx_word' id='word_1_286' title='bbox 953 3163 1093 3224; x_wconf 89' lang='lat' dir='ltr'><strong>maritimi</strong></span> <span class='ocrx_word' id='word_1_287' title='bbox 1107 3179 1192 3222; x_wconf 91' lang='lat' dir='ltr'><strong>com·</strong></span> 
     </span>
     <span class='ocr_line' id='line_1_36' title="bbox 235 3245 1192 3323; baseline 0.001 -19"><span class='ocrx_word' id='word_1_288' title='bbox 235 3250 349 3306; x_wconf 88' lang='lat' dir='ltr'><strong>meatus</strong></span> <span class='ocrx_word' id='word_1_289' title='bbox 370 3245 552 3323; x_wconf 87' lang='lat' dir='ltr'><strong>accipiantur</strong></span> <span class='ocrx_word' id='word_1_290' title='bbox 586 3262 669 3308; x_wconf 88' lang='lat' dir='ltr'><strong>marc</strong></span> <span class='ocrx_word' id='word_1_291' title='bbox 692 3246 877 3308; x_wconf 63' lang='lat' dir='ltr'><strong>ricinum‘ad</strong></span> <span class='ocrx_word' id='word_1_292' title='bbox 892 3247 1113 3308; x_wconf 88' lang='lat' dir='ltr'><strong>commoditates</strong></span> <span class='ocrx_word' id='word_1_293' title='bbox 1133 3262 1192 3306; x_wconf 89' lang='lat' dir='ltr'><strong>nec</strong></span> 
     </span>
     <span class='ocr_line' id='line_1_37' title="bbox 196 3328 1193 3410; baseline 0 -21"><span class='ocrx_word' id='word_1_294' title='bbox 196 3341 198 3346; x_wconf 83' lang='lat'>·</span> <span class='ocrx_word' id='word_1_295' title='bbox 236 3328 402 3404; x_wconf 85' lang='lat' dir='ltr'><strong>expositum</strong></span> <span class='ocrx_word' id='word_1_296' title='bbox 423 3329 513 3389; x_wconf 88' lang='lat' dir='ltr'><strong>nimia</strong></span> <span class='ocrx_word' id='word_1_297' title='bbox 535 3330 753 3409; x_wconf 88' lang='lat' dir='ltr'><strong>propinquitate</strong></span> <span class='ocrx_word' id='word_1_298' title='bbox 774 3330 811 3392; x_wconf 88' lang='lat' dir='ltr'><strong>ad</strong></span> <span class='ocrx_word' id='word_1_299' title='bbox 829 3329 962 3410; x_wconf 91' lang='lat' dir='ltr'><strong>pericula</strong></span> <span class='ocrx_word' id='word_1_300' title='bbox 978 3329 1116 3392; x_wconf 87' lang='lat' dir='ltr'><strong>classium</strong></span> <span class='ocrx_word' id='word_1_301' title='bbox 1139 3346 1193 3390; x_wconf 82' lang='lat' dir='ltr'><strong>ex·</strong></span> 
     </span>
     <span class='ocr_line' id='line_1_38' title="bbox 235 3412 1193 3490; baseline 0.002 -20"><span class='ocrx_word' id='word_1_302' title='bbox 235 3414 404 3482; x_wconf 88' lang='lat' dir='ltr'><strong>ternarum,</strong></span> <span class='ocrx_word' id='word_1_303' title='bbox 419 3412 684 3490; x_wconf 81' lang='lat' dir='ltr'><strong>regionumltaliae</strong></span> <span class='ocrx_word' id='word_1_304' title='bbox 699 3414 843 3486; x_wconf 89' lang='lat' dir='ltr'><strong>medium,</strong></span> <span class='ocrx_word' id='word_1_305' title='bbox 858 3413 894 3476; x_wconf 93' lang='lat' dir='ltr'><strong>ad</strong></span> <span class='ocrx_word' id='word_1_306' title='bbox 906 3416 1123 3476; x_wconf 86' lang='lat' dir='ltr'><strong>incrementum</strong></span> <span class='ocrx_word' id='word_1_307' title='bbox 1138 3429 1193 3472; x_wconf 89' lang='lat' dir='ltr'><strong>ur·</strong></span> 
     </span>
     <span class='ocr_line' id='line_1_39' title="bbox 202 3489 1193 3577; baseline 0 -22"><span class='ocrx_word' id='word_1_308' title='bbox 202 3489 282 3555; x_wconf 85' lang='lat' dir='ltr'><strong>tbis</strong></span> <span class='ocrx_word' id='word_1_309' title='bbox 304 3498 405 3553; x_wconf 91' lang='lat' dir='ltr'><strong>natum</strong></span> <span class='ocrx_word' id='word_1_310' title='bbox 425 3495 513 3556; x_wconf 89' lang='lat' dir='ltr'><strong>unice</strong></span> <span class='ocrx_word' id='word_1_311' title='bbox 532 3494 638 3557; x_wconf 89' lang='lat' dir='ltr'><strong>locum.</strong></span> <span class='ocrx_word' id='word_1_312' title='bbox 675 3504 848 3576; x_wconf 79' lang='lat' dir='ltr'><strong>argumento</strong></span> <span class='ocrx_word' id='word_1_313' title='bbox 869 3499 940 3561; x_wconf 90' lang='lat' dir='ltr'><strong>est</strong></span> <span class='ocrx_word' id='word_1_314' title='bbox 932 3516 996 3577; x_wconf 89' lang='lat' dir='ltr'><strong>rpsa</strong></span> <span class='ocrx_word' id='word_1_315' title='bbox 1015 3493 1193 3574; x_wconf 79' lang='lat' dir='ltr'><strong>magnitudo</strong></span> 
     </span>
    </p>
   </div>
   <div class='ocr_carea' id='block_1_3' title="bbox 0 0 1272 3956">
    <p class='ocr_par' dir='ltr' id='par_1_3' title="bbox 0 0 1272 3956">
     <span class='ocr_line' id='line_1_40' title="bbox 0 0 1272 3956; baseline 0 0"><span class='ocrx_word' id='word_1_316' title='bbox 0 0 1272 3956; x_wconf 95' lang='lat' dir='ltr'><strong> </strong></span> 
     </span>
    </p>
   </div>
  </div>
 </body>
</html>
