2580 3954
316 197 412 239 sines
428 183 476 238 111.
502 197 573 239 car.
588 189 632 244 48.
648 189 690 244 49.
717 181 756 257 [a.
774 179 808 242 O.
824 182 886 258 450]
957 243 959 250 ,
1022 187 1078 248 17]

123 345 308 425 percontari,
325 345 396 422 quid
411 345 469 407 boc
484 349 530 408 rei
543 347 595 416 sit,
613 353 659 415 ut,
675 348 700 408 si
714 345 787 409 ialso
803 354 888 425 pater
900 347 994 410 dictus
1006 365 1080 418 sum,

123 427 346 508 aequiorebino
360 431 458 490 animo
473 430 652 492 discedam.“
682 431 748 492 data
765 431 847 492 venia
862 431 977 492 seducit
991 430 1081 492 filiam
1098 446 1114 494 5

123 529 158 573 ac
181 513 326 574 nutricem
346 529 441 591 prope
457 512 611 576 Cloacinae
633 512 669 574 ad
696 513 851 584 tabernas,
876 513 983 592 quibus
1001 533 1081 575 nunc

122 597 207 657 novis
228 604 272 656 cst
292 613 417 667 nomen,
436 603 524 676 atque
538 597 581 658 ibi
595 595 631 657 ab
656 597 734 658 lanio
753 597 848 660 cautro
871 605 989 676 arrepto
1002 597 1080 670 „boc

121 687 151 741 te
167 697 227 740 uuo
242 695 300 757 quo
318 688 459 759 possum“
481 683 521 742 ait
541 679 665 752 „modo,
687 679 761 750 tilia,
788 683 819 743 in
834 679 1000 744 libertatem
1017 683 1079 742 aiu·

121 764 226 824 utem:
242 769 347 841 pectus
366 764 473 826 deinde
488 765 604 843 puellae
621 765 780 842 transfigit,
795 772 1026 844 respectansque
1044 765 1080 826 ad
1098 771 1115 823 o

120 845 251 907 tribuual
268 854 339 917 „te“
353 849 464 926 inquit,
482 850 594 927 „Appi,
607 855 749 926 tuumque
765 855 852 927 caput
864 851 1009 926 sanguine
1023 849 1080 910 boc

121 938 299 992 consecru.“
335 930 465 994 clamore
496 933 533 993 ad
556 941 614 994 tam
635 939 720 995 atrox
740 933 855 996 lacinus
878 939 944 993 orto
968 935 1080 994 excitus

120 1015 233 1094 Appius
247 1015 413 1094 conprendi
423 1015 594 1094 Verginium
609 1015 700 1078 iubet.
732 1016 783 1078 illc
797 1017 878 1078 larro
894 1033 1079 1094 quacumque

119 1097 183 1159 ibat
203 1100 280 1159 viam
292 1098 406 1170 faeere,
422 1100 517 1162 donec
533 1099 718 1168 madtitudine
734 1102 822 1161 etiam
837 1102 1080 1179 prosequentium

119 1190 221 1244 tuente
236 1182 273 1243 ad
294 1190 410 1262 portam
426 1185 567 1261 perrexit
601 1183 701 1244 Icilius
715 1183 954 1260 Numitoriusque
976 1199 1079 1243 exsan-
1097 1192 1113 1239 7

119 1283 178 1344 gne
194 1283 303 1345 corpus
314 1265 462 1329 sublatum
474 1274 621 1329 ostentant
635 1265 762 1345 populo;
779 1266 876 1330 scelus
890 1266 980 1344 Appi,
995 1264 1079 1344 puel·

118 1349 166 1412 lae
181 1349 331 1412 infelicem
346 1351 488 1422 sormam,
507 1353 712 1414 necessitatem
726 1352 819 1430 patris
834 1349 999 1428 deplorant.
1032 1368 1078 1410 se·
1096 1357 1113 1408 8

119 1441 245 1512 qtreutes
262 1434 412 1496 clamitant
427 1441 595 1505 matronae,
617 1452 721 1496 eamne
739 1433 903 1496 liberorum
916 1451 1078 1511 procrean-

119 1519 226 1579 dorum
244 1517 466 1589 ooudicionem,
487 1537 522 1580 ea
540 1518 699 1597 pudicitiae
722 1520 853 1596 praemia
870 1535 944 1588 esse,
970 1523 1078 1587 cetera,

119 1603 238 1680 quaein
253 1599 304 1662 tali
316 1620 351 1663 re
365 1601 519 1663 muliebris
535 1601 635 1672 dolor,
653 1618 711 1678 quo
727 1608 771 1662 est
784 1603 923 1662 maestior
937 1599 1077 1662 inbecillo
1156 1632 1157 1636 =

119 1686 233 1755 animo,
251 1702 286 1746 eo
300 1684 479 1746 miserabilia
490 1687 584 1762 magis
595 1683 789 1762 querentibus
803 1683 920 1745 subicit.
946 1685 1078 1744 virorum
1095 1685 1112 1736 9

118 1776 149 1830 et
159 1770 285 1829 maxime
300 1767 364 1828 Icili
377 1785 434 1829 vox
447 1775 507 1830 tota
523 1768 699 1830 tribuniciae
716 1769 868 1846 potestatis
884 1785 919 1828 ec
934 1785 1077 1853 provoca·

117 1853 207 1914 donis
242 1852 279 1913 ad
302 1851 444 1931 populum
479 1861 597 1931 ereptae
626 1851 869 1930 publicarumque
900 1851 1076 1928 indignatio·

118 1943 282 1998 numerat.

181 2019 281 2081 dell.
310 2020 478 2082 Concitatur
489 2019 645 2082 multitudo
662 2020 771 2097 partim
788 2020 940 2080 atrocitate
954 2015 1077 2080 sceleris
1097 2026 1109 2076 1

117 2107 226 2184 partim
240 2123 293 2182 spe
307 2122 363 2182 per
379 2106 565 2166 occasionem
584 2103 764 2182 repetendae
783 2101 936 2166 libertatis.
964 2102 1077 2180 Appias
1094 2113 1110 2161 2

117 2206 197 2249 nunc
208 2189 308 2248 vocari
323 2187 453 2258 Icilium,
469 2205 548 2248 nuuc
566 2194 774 2248 retractantem
791 2187 898 2265 arripi,
914 2193 1075 2266 postremo,

118 2291 185 2332 oum
194 2271 278 2335 locus
289 2271 417 2333 monadi
428 2269 646 2350 apparitoribus
655 2288 717 2332 nou
729 2272 858 2340 daretur,
871 2273 935 2350 ipse
946 2287 1014 2332 cum
1026 2285 1075 2346 ag·

116 2354 877 2434 minepatriciorumiuvenumperturbamvadensin
885 2351 1000 2416 vincula
1008 2352 1076 2413 duci

116 2439 207 2501 iubet.
226 2442 286 2500 iam
293 2443 373 2500 circa
382 2439 498 2501 Icilium
505 2457 566 2500 non
575 2437 833 2501 solummultitudo
845 2437 897 2498 sed
904 2437 995 2498 duces
1003 2451 1076 2512 quo·
1094 2450 1110 2501 3

117 2542 175 2602 que
186 2521 379 2585 marltitudiuis
387 2521 886 2591 erantL.ValeriusetltHoratius,
894 2521 944 2597 qui
954 2517 1075 2596 repulso

116 2607 238 2676 lictore,
254 2608 279 2669 si
293 2609 358 2669 iure
370 2615 484 2686 ageret,
503 2607 653 2668 vindicare
669 2625 701 2668 se
719 2623 736 2668 a
753 2607 868 2684 privato
882 2603 997 2664 Icilium
1015 2603 1075 2664 aie·

116 2690 203 2759 bant;
221 2693 247 2752 si
260 2693 319 2752 vim
333 2691 452 2770 adferre
463 2690 656 2760 conarentur,
672 2689 714 2750 ibi
729 2705 847 2767 quoquc
863 2687 941 2748 baud
955 2688 1076 2764 inpares

116 2775 190 2836 iore.
220 2774 290 2836 binc
311 2781 395 2836 atrox
417 2777 481 2835 rixa
503 2776 607 2836 oritau.
640 2772 787 2836 Valerium
806 2773 1020 2848 Horatiumque
1040 2768 1110 2832 lit

73 2903 77 2909 ,
117 2864 181 2919 otor
206 2858 365 2920 decemviri
388 2857 511 2921 invadit:
538 2858 714 2936 frangamur
731 2875 748 2916 a
767 2856 954 2918 multitudiue
970 2855 1073 2916 fasces.

116 2943 149 3001 iu
163 2943 331 3002 contionem
341 2943 453 3021 Appius
465 2942 611 3013 escondit,
627 2948 769 3004 secuntur
778 2941 917 3004 Horatius
927 2937 1074 3000 Valerius·

117 3043 189 3105 que:
206 3043 257 3086 eos
269 3027 366 3085 contio
378 3026 475 3095 audit,
490 3025 656 3088 decemviro
669 3025 858 3103 obstrepitur.
881 3025 940 3084 iam
952 3040 1006 3100 pro
1018 3023 1073 3080 im·
1092 3025 1108 3074 ὅ

116 3109 201 3188 perio
217 3107 352 3168 Valerius
371 3109 559 3171 discederes
581 3111 695 3188 privato
710 3107 831 3168 lictores
851 3105 985 3174 iubebat,
1007 3121 1074 3164 cum

116 3193 218 3254 tractis
240 3192 346 3253 animis
368 3192 479 3271 Appius
500 3195 575 3254 vitae
594 3200 729 3254 metuens
754 3193 786 3252 iu
811 3191 930 3254 domum
954 3205 987 3251 se
1003 3204 1074 3266 pro-

116 3276 258 3354 pinquam
273 3275 339 3336 loro
362 3277 464 3336 insciis
482 3275 659 3338 adversariis
677 3277 773 3353 sapite
796 3271 934 3333 obvoluto
956 3273 1072 3350 recipit.

117 3360 167 3436 Sp.
188 3358 318 3439 Oppius,
333 3366 366 3419 ut
380 3358 488 3422 auxilio
507 3359 639 3438 collegae
656 3364 751 3429 esset,
767 3359 799 3418 iu
816 3357 915 3418 iorum
932 3375 968 3417 cx
980 3355 1075 3419 valtera
1086 3364 1109 3413 u

116 3445 364 3522 porteinrumpit.
389 3442 468 3506 videt
481 3445 640 3522 imperium
650 3444 678 3502 vi
689 3443 807 3502 rictum.
832 3442 955 3519 agitatus
967 3439 1074 3502 deinde
1092 3473 1096 3478 ν
