2548 3954
272 181 367 252 bisara
384 213 405 252 1.
437 209 505 252 car.
522 204 565 256 23.
581 203 624 256 24.
645 189 686 276 [a.
704 193 737 254 O.
753 195 880 272 ota-640]
938 242 939 246 ,
1005 197 1047 260 25

96 360 190 422 conda
212 366 293 428 sunt,
314 358 420 437 cupido
435 359 553 437 imperii
567 359 640 421 duos
656 367 794 437 cognatos
809 361 978 438 vicinosque
993 375 1046 437 pq·

95 442 182 523 pulos
197 443 233 503 ad
250 459 331 503 arma
345 440 481 502 stimulat.
500 458 605 518 neque,
621 447 703 503 recte
721 460 758 502 an
771 461 938 522 perperam,
956 444 1047 502 inter·
1064 441 1082 494 8

95 533 214 606 pretor;
233 525 323 586 tuerit
338 527 393 586 ista
408 526 470 586 eius
492 523 682 596 deliberatio,
704 527 755 603 qui
775 525 886 588 bellum
903 526 1046 603 suscepit:

96 628 143 671 mc
159 608 266 670 Albani
279 608 408 685 gerendo
423 607 501 668 bello
516 609 621 670 ducem
639 626 785 671 creavere.
808 607 880 670 illud
896 617 934 678 te,
952 605 1046 676 Tulle,

95 695 239 754 monitum
257 691 357 753 vultm:
381 691 503 752 Etrusca
521 710 571 754 res
587 699 694 769 quanta
717 695 795 754 circa
812 711 866 754 uos
880 700 969 769 teque
985 708 1046 750 ma·

96 779 174 837 xime
188 779 239 846 sit,
259 793 317 852 quo
333 777 457 853 propior
472 794 503 838 es
515 776 634 846 Tuscis,
656 776 714 837 hoo
728 768 820 854 markis
834 779 900 838 scis.
924 773 1046 835 multum

95 860 138 920 illi
152 869 241 930 tarra,
259 857 420 938 plurimum
438 860 512 919 mari
529 859 649 937 pollent.
680 878 794 921 memor
812 867 883 929 esto,
904 861 962 920 iam
980 865 1081 918 cume

95 946 211 1022 signum
227 959 343 1022 pugnae
363 940 463 1012 dabis,
484 943 537 1004 has
552 944 623 1004 duas
638 945 716 1004 acies
731 942 897 1023 spectaculo
914 944 995 1010 tore,
1015 947 1048 1000 ut

94 1028 189 1090 fessos
211 1027 419 1105 confectosque
442 1026 528 1088 sirnul
543 1028 685 1088 victorem
701 1045 735 1088 ao
749 1029 857 1088 rictum
872 1025 1046 1104 adgredien-

94 1118 152 1171 tur.
184 1111 283 1188 itaque
297 1112 323 1170 si
339 1127 394 1170 nos
410 1110 566 1179 diamant,
587 1111 726 1187 quoniam
738 1127 798 1170 non
815 1107 1046 1172 contentiliber·

94 1201 153 1256 tate
172 1201 251 1254 certa
266 1194 296 1253 in
318 1192 437 1254 dubiam
451 1194 569 1272 imperii
579 1195 748 1270 servitiique
760 1192 853 1254 aleam
865 1195 950 1263 imus,
965 1194 1047 1254 inea·

95 1295 160 1338 mus
177 1275 304 1354 aliquam
319 1278 409 1346 viam,
430 1294 499 1355 qua,
516 1277 575 1336 utri
589 1277 664 1337 utris
678 1278 839 1355 imperent,
862 1279 926 1337 sine
941 1290 1046 1352 magua

95 1359 188 1431 clade,
205 1363 268 1421 siue
289 1358 381 1420 multo
402 1362 544 1437 sauguine
560 1361 711 1437 utriusque
725 1358 828 1438 populi
843 1359 962 1421 decerni
978 1376 1046 1437 pos-

95 1446 163 1506 sit.“
178 1443 256 1504 haud
267 1442 402 1521 displicet
409 1461 457 1505 res
464 1443 559 1513 Tullo,
571 1461 747 1521 quamquam
763 1461 829 1504 cum
848 1442 946 1504 indole
958 1445 1047 1507 animi
1066 1458 1102 1511 to

94 1535 157 1588 tum
179 1545 232 1608 spe
251 1527 391 1590 victoriae
410 1527 539 1588 ferocior
563 1535 633 1587 erat
668 1526 877 1605 quaerentibus
899 1529 1046 1605 utrimque
1125 1544 1128 1558 ¹

94 1611 169 1674 ratio
185 1614 286 1683 initur,
303 1613 352 1672 oui
365 1618 395 1673 et
408 1612 525 1672 fortuna
539 1613 602 1689 ipsa
623 1610 761 1689 praebuit
775 1614 936 1672 materiam.

157 1695 255 1757 XXIV.
287 1695 376 1756 Forte
397 1697 428 1755 in
447 1693 562 1755 duobus
576 1700 638 1754 tum
656 1693 832 1755 exercitibus
852 1701 936 1756 eraut
956 1695 1046 1774 triga·
1069 1703 1083 1753 t

95 1781 169 1841 mini
183 1781 289 1842 iratres
307 1796 363 1840 nec
378 1783 472 1840 aetate
487 1795 543 1839 nec
560 1776 671 1838 viribus
682 1778 822 1856 dispares.
843 1777 980 1838 Horatios
991 1779 1047 1840 Cu·

96 1866 257 1941 riatiosque
272 1864 363 1925 luisse
380 1865 450 1924 satis
466 1868 587 1932 constat,
608 1879 664 1922 nec
678 1861 772 1922 terme
789 1879 838 1922 res
855 1861 972 1937 antiqua
991 1861 1048 1922 alia

97 1955 141 2010 est
156 1947 295 2010 nobilior.
327 1953 425 2007 tamen
442 1947 473 2005 in
494 1962 528 2006 re
543 1951 602 2005 tam
617 1941 696 2004 clara
718 1945 870 2003 nominum
887 1961 971 2005 error
985 1962 1047 2004 ma·

97 2040 163 2102 net,
183 2032 277 2092 utrius
294 2029 397 2108 populi
415 2029 538 2098 Horatii,
553 2029 646 2088 utrius
663 2027 782 2089 Curiatii
796 2026 914 2088 tuerint.
948 2035 1047 2088 aucto·

95 2134 145 2177 res
159 2121 285 2192 utroque
302 2113 436 2181 trahunt:
457 2112 558 2191 plures
573 2119 671 2173 tamen
686 2111 818 2180 invenio,
834 2111 885 2188 qui
899 2108 1048 2172 Romanos

96 2199 233 2260 Horatios
245 2204 365 2266 roceum
381 2197 436 2257 hos
454 2203 487 2256 ut
502 2213 618 2272 sequar,
632 2193 756 2254 inclinat
771 2194 894 2254 animus.
913 2211 980 2254 cum
995 2195 1047 2254 tri-
1062 2208 1085 2258 a·

97 2282 221 2359 geminis
237 2288 326 2358 agum
344 2298 447 2359 reges,
471 2286 504 2340 ut
519 2297 575 2358 pro
588 2295 640 2340 sua
660 2279 784 2356 quisque
799 2278 893 2356 patria
909 2277 1048 2338 dimicent

96 2366 193 2426 ferro:
215 2362 258 2424 ibi
274 2365 432 2442 imperium
448 2363 524 2432 fore,
546 2361 623 2423 unde
639 2363 760 2422 uictoria
782 2361 878 2422 tuerit.
912 2359 985 2421 nihil
999 2379 1047 2422 re·

101 2456 229 2510 cusator.
244 2455 359 2526 tempus
379 2454 408 2510 et
420 2446 503 2506 locus
518 2447 662 2506 conuenit.
677 2446 850 2522 priusquam
864 2445 1047 2512 dimicarent,
1066 2448 1087 2500 ³

96 2533 201 2594 foedus
222 2533 313 2592 ictum
332 2532 410 2592 inter
430 2530 579 2591 Romanos
600 2534 629 2590 et
644 2527 772 2588 titanos
795 2533 838 2590 est
857 2525 905 2588 his
921 2525 1047 2604 legibus,

96 2624 138 2686 ut,
153 2612 325 2694 cuius[que]
341 2614 443 2693 populi
457 2616 535 2676 cives
550 2631 585 2674 eo
598 2613 757 2673 certamine
768 2611 914 2680 vicissent,
926 2611 952 2671 is
964 2608 1048 2670 alteri
1104 2613 1105 2616 ’

96 2697 207 2780 populo
222 2716 291 2759 cum
308 2697 386 2786 bopa
400 2715 473 2775 pace
491 2696 682 2776 imperitaret.

161 2781 293 2844 Foedera
307 2780 363 2842 alia
377 2781 442 2842 aliis
453 2780 577 2859 tegibus,
590 2787 721 2841 ceterum
733 2778 837 2840 eodem
848 2777 935 2839 modo
950 2779 1047 2838 omnia

96 2867 179 2927 fiunt.
208 2873 271 2925 tum
284 2866 324 2925 ita
337 2866 447 2926 iactum
464 2865 641 2942 accepimus,
659 2879 714 2924 uec
727 2860 817 2922 ullius
833 2862 973 2922 vetustior
986 2859 1047 2920 toe-
1065 2867 1085 2918 t

47 3005 50 3014 ,
97 2951 177 3012 deris
205 2949 347 3009 memoria
369 2955 421 3010 est
457 2947 563 3009 fetialis
586 2963 687 3024 regem
712 2944 829 3005 Tullum
854 2946 894 3005 ita
919 2945 1047 3022 rogarit:

97 3031 242 3104 „iubesne
264 3049 326 3102 me,
348 3050 418 3102 rex,
440 3049 507 3092 cum
522 3037 605 3109 patre
619 3035 733 3109 patrato
751 3027 853 3107 populi
867 3028 972 3089 Albani
983 3027 1048 3113 ioe-

98 3117 152 3179 dus
178 3115 308 3178 terirei“
332 3113 453 3177 iubente
478 3131 549 3192 rege
576 3115 748 3191 „sagmina“
775 3114 871 3189 inquit
893 3118 959 3182 „te,
985 3125 1048 3179 rex,

97 3207 220 3278 posco.“
248 3216 302 3260 rex
323 3199 363 3259 ait
382 3216 508 3276 „puram
530 3196 655 3264 tollito.“
681 3195 787 3258 fetialis
804 3213 839 3256 ex
856 3213 925 3256 arce
942 3193 1084 3272 gramib

97 3283 143 3344 uis
159 3279 285 3344 herbam
297 3299 403 3360 puram
418 3281 520 3342 attulit.
542 3288 644 3360 postea
658 3297 760 3358 regem
771 3281 812 3339 ita
824 3279 950 3356 rogauit:
967 3295 1049 3348 ‚‚rex,

97 3366 209 3434 racmne
230 3383 278 3426 mc
298 3372 331 3425 tu
348 3363 465 3442 regium
481 3364 617 3426 nuntium
631 3362 733 3442 populi
746 3362 871 3425 Romani
884 3359 1049 3431 Quiritium,

98 3467 164 3512 rasa
176 3449 358 3526 comitesque
368 3448 489 3509 meost“
505 3466 559 3510 rex
573 3447 737 3526 respondit:
757 3446 857 3523 „quod
873 3448 936 3508 siue
948 3443 1050 3505 fraude
