2580 3954
336 189 431 230 urnae
447 189 491 231 rv.
518 187 588 232 cnr.
608 179 648 232 19.
667 179 710 232 20.
738 167 777 252 [a.
795 169 906 250 (3.4371
1042 175 1103 235 215

147 346 230 420 ptum
246 337 341 398 mains
355 336 528 416 auctiusque
540 335 661 414 reliquit
675 337 811 413 posteris.
840 337 866 397 is
881 353 948 396 cum
962 336 998 396 ad
1010 339 1104 414 impe·
1122 351 1139 398 a

147 428 210 483 tum
221 419 384 490 Tolumnii,
402 437 588 498 quacumque
602 437 633 480 se
648 419 838 491 intendisset,
858 420 1034 498 trepidantis
1045 418 1103 480 llo·

147 523 250 566 manas
274 503 387 564 rideret
412 510 541 572 turmas,
567 498 773 582 insignemque
800 521 868 564 eum
890 504 972 582 regio
1001 501 1103 562 habitn

148 589 316 650 volitantem
329 592 390 647 tota
402 589 464 649 acie
476 592 647 664 cognosset,
664 585 783 657 „hicine
798 587 968 665 est“inquit
978 593 1104 664 „ruptor
1122 603 1139 654 a

148 672 277 733 foederis
291 670 413 730 humani
428 669 608 749 violatorque
624 671 755 747 gentium
769 671 861 732 iuris?
879 672 938 731 iam
957 688 1012 748 ego
1027 669 1105 729 hanc
1131 663 1134 669 ’

149 760 305 815 mactatam
327 755 489 825 victimam,
511 754 536 815 si
562 755 649 816 modo
668 755 762 815 sancti
782 755 939 834 quicquam
960 755 992 813 in
1015 753 1104 814 terris

150 857 214 902 esse
226 836 386 907 diimlunt,
402 836 567 916 legatorum
578 836 714 898 Manibus
726 836 834 899 dabo.“
857 836 1023 898 calcaribus
1034 835 1103 898 sub·
1123 851 1138 898 4

149 922 217 983 ditis
228 921 334 982 infesta
350 921 471 1000 cuspide
492 923 523 981 in
541 939 632 981 unum
654 921 896 984 fertur-bostem.
927 939 1015 1001 quem
1037 938 1105 980 cum

147 1009 239 1067 ictum
254 1022 330 1083 equo
346 1005 515 1075 deiecisset,
534 1005 690 1066 confestim
708 1007 818 1084 etipse
837 1007 922 1067 haste
937 1007 1056 1066 innixus
1073 1022 1105 1065 sc
1184 1033 1205 1046 ψ

147 1089 408 1169 inpedesexcopit.
430 1088 638 1166 adsurgentem
646 1087 795 1166 ibiregem
804 1087 1104 1167 umboneresupinat,
1123 1103 1138 1152 5

147 1173 366 1252 repetitumque
381 1173 499 1251 saepius
515 1171 637 1249 cuspide
654 1172 691 1233 ad
713 1178 824 1233 terram
840 1173 949 1233 adfixit.
976 1179 1039 1231 tum
1055 1189 1104 1231 ex·

148 1258 252 1334 sangui
268 1255 399 1316 deuecta
420 1254 530 1334 spolia;
547 1261 695 1334 caputque
714 1255 863 1317 abscisum
878 1257 972 1317 victor
990 1253 1104 1333 spiculo

148 1357 255 1420 gerens
274 1345 389 1401 terrore
405 1340 483 1401 caesi
500 1339 580 1417 regis
593 1339 695 1401 hostes
712 1340 795 1401 ludit.
827 1341 867 1400 ita
884 1341 1015 1419 equitum
1032 1355 1104 1416 quo·

148 1443 206 1504 qne
219 1424 282 1484 lusa
298 1424 392 1494 acies,
411 1441 486 1502 qnae
498 1439 557 1483 una
572 1422 685 1484 iecerat
698 1440 808 1504 auceps
823 1431 982 1485 certamen.
1013 1422 1104 1483 dicta·
1124 1439 1140 1488 o

148 1515 195 1569 tor
207 1505 373 1586 legionibus
386 1507 493 1586 iugatis
506 1508 610 1578 instat,
627 1513 656 1568 et
667 1508 703 1568 ad
714 1513 810 1568 castra
825 1506 984 1587 conpulsos
999 1506 1103 1567 caedit.

149 1591 333 1653 Fidenatium
350 1590 471 1669 plurimi
490 1589 626 1651 locorum
649 1593 753 1651 notitia
771 1591 901 1670 elingere
925 1593 955 1650 in
979 1597 1103 1651 montes.

149 1677 257 1738 Cossus
272 1673 403 1735 Tiberim
418 1693 486 1734 cum
503 1675 635 1753 equitatu
656 1681 841 1737 transvectus
857 1695 892 1736 ex
908 1691 980 1752 agro
1000 1675 1105 1733 Veien-

150 1766 218 1819 tano
233 1760 383 1836 ingentem
398 1757 502 1820 detulit
514 1757 656 1837 praedam
670 1759 707 1818 ad
722 1758 836 1820 urbem.
866 1761 943 1819 inter
959 1755 1105 1836 proelium
1124 1778 1138 1827 7

151 1842 231 1905 etad
247 1848 343 1903 castra
359 1841 492 1903 Romana
510 1847 673 1921 pugnatum
692 1848 737 1902 est
757 1843 897 1904 adversus
916 1846 1032 1921 partem
1055 1858 1105 1900 co·

149 1928 265 2006 piarum
281 1925 317 1986 ab
333 1925 506 1994 Tolumnio,
519 1931 552 1986 ut
567 1929 636 1986 ante
652 1925 763 1986 dictum
779 1931 838 1996 cst,
865 1926 902 1986 ad
924 1931 1020 1986 castra
1036 1924 1105 1984 mis-

150 2029 222 2072 sum.
253 2008 362 2071 Fabius
377 2007 539 2070 Vibulanus
563 2024 671 2068 corona
691 2011 821 2088 primum
836 2008 944 2069 vallum
959 2007 1104 2074 defendit:
1124 2019 1141 2070 a

149 2096 279 2156 intentos
295 2092 401 2156 deinde
418 2092 519 2154 hostes
538 2093 570 2152 in
592 2090 699 2152 vallum
722 2110 859 2171 egressus
875 2093 978 2153 dextra
996 2091 1106 2170 prinoi-

150 2178 209 2258 pali
223 2194 291 2238 cum
305 2177 415 2238 triariis
433 2183 555 2256 repente
570 2175 689 2236 invadit.
715 2195 773 2256 quo
787 2195 897 2257 pavore
914 2177 1024 2238 iniecto
1039 2193 1105 2236 cae·

149 2263 202 2324 des
219 2263 333 2331 minor,
349 2261 418 2338 quia
434 2261 589 2339 pauciores
605 2268 704 2331 crant,
720 2261 788 2339 iuga
804 2279 863 2322 non
877 2261 974 2322 minus
990 2258 1105 2338 trepida

150 2363 238 2426 qnam
253 2345 283 2405 in
300 2345 363 2406 acie
377 2344 440 2404 luit

216 2428 277 2490 llll.
312 2426 456 2490 Omnibus
478 2428 552 2490 locis
580 2447 614 2492 re
635 2429 713 2490 bene
736 2433 818 2506 gesta
840 2427 966 2487 dictator
985 2432 1106 2488 senatus
1125 2436 1136 2487 1

150 2511 287 2575 consulto
308 2512 450 2589 iussuque
477 2510 580 2590 populi
608 2511 794 2590 triumphans
815 2512 846 2569 in
874 2509 981 2571 urbem
1008 2509 1105 2569 rediit.

151 2596 239 2674 longe
258 2595 417 2654 maximum
431 2594 574 2676 triumphi
589 2593 791 2676 spectaculum
815 2595 870 2654 luit
888 2594 995 2656 Cossus
1012 2591 1105 2670 spolia
1124 2607 1141 2655 2

151 2679 249 2758 opima
266 2679 345 2756 regis
360 2678 509 2739 interiecti
524 2697 640 2757 gerens.
670 2681 702 2739 in
714 2696 781 2740 eum
796 2677 902 2738 milites
918 2676 1049 2738 carmina
1061 2676 1106 2735 iu·

152 2762 270 2823 condita
290 2767 451 2840 aequantes
478 2780 547 2822 cum
564 2763 690 2826 Romulo
710 2779 827 2823 canere.
865 2761 958 2840 spolia
979 2762 1009 2820 in
1033 2757 1141 2824 aedes

152 2846 228 2906 lon's
248 2845 374 2906 Feretrii
403 2862 498 2925 prope
521 2845 639 2908 Romuli
661 2845 769 2925 spolia,
795 2863 869 2924 quae
891 2846 988 2925 prima
1008 2844 1105 2923 opima

152 2927 298 3007 appellata
325 2927 389 2990 sola
418 2947 452 2990 ea
477 2935 650 3011 tempestate
673 2936 771 3000 erant,
794 2947 862 2991 cum
886 2928 1023 2991 sollemni
1055 2927 1105 2989 de-

153 3012 299 3072 dicatione
319 3011 397 3072 dono
417 3013 494 3081 nnn
517 3021 720 3094 auerteratque
741 3014 770 3073 in
792 3033 824 3075 se
845 3031 969 3074 acurru
983 3012 1105 3072 dictato·

154 3097 195 3156 ris
213 3095 319 3156 oinium
334 3111 386 3155 ora
402 3103 431 3156 et
446 3095 624 3160 celebritatis
646 3101 708 3159 eins
727 3097 784 3158 diei
801 3097 930 3158 fructum
947 3113 1042 3175 prope
1058 3112 1105 3156 so-

36 3181 43 3192 '
153 3180 199 3241 lus
223 3178 341 3240 tulerat.
388 3179 514 3240 dictator
547 3200 687 3243 coronam
717 3198 838 3243 auream
872 3178 978 3240 libram
1007 3178 1140 3258 pondoa
1221 3181 1223 3186 “

154 3282 190 3324 cx
205 3262 324 3362 qmblica
344 3263 471 3342 pecunia
491 3265 593 3344 populi
616 3269 698 3326 iussu
716 3265 746 3324 iu
763 3263 905 3343 Capitolio
922 3262 981 3323 lovi
997 3263 1106 3322 donum

155 3353 320 3494 posutlssnnis
346 3437 413 3494 ante
435 3449 481 3494 ma
505 3440 640 3495 auctores
661 3439 780 3494 secutus
797 3431 828 3492 Α.
851 3430 1020 3494 Cornelium
1037 3431 1141 3493 Cos-c
