2548 3954
227 218 360 267 clxxxvi
409 221 455 268 on
473 220 544 268 runi
564 221 651 268 nitur
674 221 756 270 viri
769 189 820 270 ‘nn
841 221 1005 272 semente.

226 377 383 436 assiduitate
394 377 472 438 facile
485 387 595 452 superat
603 377 738 435 Arnoldus
750 378 984 437 Drakenborchius
992 373 1053 453 ⁸⁰¹),
1066 382 1113 455 qui
1124 383 1186 440 sub·

226 459 302 519 siliis
315 461 416 518 criticis
433 463 568 519 indetcsso
583 462 674 519 studio
693 463 814 537 undique
829 463 1032 536 conquirendis,
1048 464 1187 524 omnibus·

227 562 287 619 que,
306 561 375 620 quae
391 546 424 603 nd
445 544 511 602 illud
527 555 632 620 tempus
648 545 681 602 de
699 545 773 602 bivio
789 547 860 603 edita
881 557 959 603 erant
977 555 1024 604 aut
1046 548 1187 607 etiamtum

226 629 326 704 scripta
340 629 468 692 latebant,
484 627 645 702 colligendis
663 639 690 686 et
705 628 869 716 explorando
883 629 988 687 dicendi
1002 647 1055 688 usu
1071 631 1187 689 utilissi·

225 730 294 769 mam
308 713 382 770 Livio
400 712 506 770 navavit
520 729 640 787 operam.
670 713 696 769 ls
712 715 735 770 si
750 714 905 787 pariatque
920 713 1071 770 Gronovius
1087 716 1186 773 inisset

225 797 346 854 acumine
357 805 385 854 et
396 797 533 854 fortunam
548 796 688 853 fautricem
697 790 750 870 ³⁰²)
761 797 909 860 habuisset,
927 798 1018 854 nescio
1033 815 1067 854 an
1081 815 1184 862 ornnes,

225 880 272 954 qui
286 880 395 937 inLirio
412 879 596 943 elaborarunt,
612 879 697 936 fuerit
710 889 902 954 superaturus:
918 881 966 937 sed
982 881 1009 937 in
1026 899 1123 955 magno
1139 899 1184 940 eo·

223 963 312 1020 dicum
328 981 397 1037 qnos
412 962 526 1037 collegit
539 979 668 1028 numero,
690 963 742 1020 etsi
757 964 829 1021 inter
843 979 891 1020 ecs
905 964 976 1021 baud
995 967 1185 1023 contemnendi

225 1055 296 1109 sunt,
312 1045 385 1103 velut
397 1046 508 1104 lledicei
524 1047 627 1121 primae
645 1055 673 1104 et
688 1048 784 1104 tertiae
797 1046 917 1112 decadis,
935 1047 1092 1105 llarleienns
1107 1049 1184 1124 prior

224 1128 283 1192 alii,
301 1137 389 1187 tamen
407 1129 426 1185 ii
448 1131 649 1195 desiderantur,
667 1131 765 1206 quibus
779 1129 925 1207 plmimum
943 1140 984 1187 est
1001 1131 1182 1189 tribuendum.

223 1213 287 1270 liam
308 1231 397 1288 neque
416 1214 566 1272 Puteanum
588 1215 687 1272 iterum
712 1213 844 1277 contulit,
872 1223 900 1272 et
919 1215 1105 1288 llogmninum
1126 1216 1183 1272 iau·

223 1306 279 1354 stra
298 1298 442 1371 quaesivit,
466 1308 493 1356 et
507 1297 730 1372 bambergensem
748 1308 859 1372 quartae
873 1298 980 1355 decadis
997 1297 1131 1372 neglexit.
1154 1309 1182 1356 et

223 1380 438 1440 vindobonensis
453 1399 519 1438 usus
534 1382 559 1439 ei
575 1383 724 1455 denegatus
738 1390 789 1438 est.
820 1381 918 1440 liorum
934 1391 1024 1438 autem
1039 1381 1181 1446 librorum,

224 1481 292 1537 quos
314 1473 361 1521 aut
384 1465 442 1539 ipse
462 1464 594 1540 inspexit,
612 1475 660 1522 aut
680 1481 796 1540 quorum
816 1465 976 1522 collationes
997 1465 1048 1521 sibi
1068 1467 1180 1540 paravit.

222 1547 372 1621 scripturas
383 1565 480 1622 magua
492 1565 557 1606 cura
571 1549 733 1623 composuit,
748 1549 795 1605 sed
809 1550 913 1606 nonita
927 1549 1052 1622 digessit,
1067 1557 1097 1606 ut
1111 1567 1180 1624 quae

222 1629 343 1694 meliora,
359 1647 429 1704 quae
448 1631 536 1689 minus
553 1632 623 1689 bona
637 1642 729 1689 essent
743 1633 897 1692 discernere
911 1649 1001 1706 neque
1018 1649 1073 1707 quo
1097 1633 1180 1691 modo

222 1713 394 1788 corruptelae
410 1725 487 1773 ortae
500 1715 556 1772 sint
569 1715 647 1774 facile
663 1733 828 1790 cognoscere
847 1715 952 1790 possis3
967 1716 995 1772 in
1012 1717 1179 1774 emendando

222 1803 258 1860 et,
274 1797 301 1854 id
316 1797 388 1872 quod
403 1798 569 1864 Gronovius,
585 1817 654 1875 quae
669 1799 795 1856 mutanda
808 1807 900 1856 essent
917 1799 945 1854 in
960 1799 1179 1858 adnotationibus

110 1941 112 1944 ,
222 1880 389 1956 significasse
402 1891 555 1947 contentus,
572 1883 708 1946 omiserat,
721 1882 877 1958 retingendo
890 1891 967 1940 textu
982 1892 1058 1940 recto
1071 1892 1098 1940 et
1112 1901 1179 1942 sano

222 1965 330 2038 quidem
352 1965 451 2024 iudicio
477 1985 544 2026 usus
561 1975 616 2031 est.
634 1975 722 2024 tamen
738 1975 784 2024 aut
798 1967 918 2042 priorem
932 1975 979 2022 aut
997 1965 1116 2042 plurium
1132 1986 1179 2025 co·

221 2048 308 2105 dicum
342 2047 486 2107 lectionem
515 2068 570 2108 non
600 2068 655 2108 uno
680 2050 741 2108 loco
765 2050 923 2108 melioribus
951 2043 1176 2124 praeposuit⁸⁰³).

207 2133 268 2189 ¹sed
282 2149 327 2195 ea,
347 2149 416 2206 quae
430 2135 546 2209 recepit,
564 2132 723 2209 plerumque
736 2134 825 2192 doctis
842 2134 876 2191 de
896 2133 1000 2191 dicendi
1021 2151 1121 2208 genere
1134 2135 1177 2191 ln·

219 2215 298 2272 viane
320 2216 552 2274 observationibus
573 2216 719 2274 illustravit
743 2227 770 2274 et
786 2217 946 2275 confirmare
961 2217 1073 2274 studuit.
1117 2218 1177 2276 Non

219 2301 325 2356 minore
338 2299 480 2372 diligentia
493 2300 637 2358 doctorum
650 2302 770 2359 virorum
786 2317 873 2365 curas,
889 2302 962 2358 inter
976 2319 1021 2358 eas
1036 2312 1176 2376 praestan·

219 2383 338 2439 tissimus
352 2381 372 2438 l.
385 2382 519 2441 Perizonii
533 2393 562 2442 et
575 2384 603 2440 C.
610 2384 692 2441 Andr.
701 2384 799 2442 buberi
809 2393 897 2449 notas,
911 2402 1028 2460 quorum
1039 2384 1084 2442 ille
1100 2403 1176 2444 neur-

220 2466 461 2524 ratissimaveteris
471 2467 602 2526 historiae
615 2467 659 2525 hic
669 2469 736 2525 iuris
745 2469 1175 2542 antiquitatnmquellomonaaum

219 2548 357 2626 praeclara
371 2550 527 2625 cognitione
542 2550 669 2616 enitebat,
684 2549 805 2626 collegit,
820 2569 920 2626 easque
935 2569 1028 2609 omnes
1042 2571 1104 2610 cum
1118 2551 1176 2628 ple·

219 2635 311 2711 risque
336 2635 549 2710 praelationibus
568 2645 597 2692 et
615 2635 852 2693 dissertationibus
873 2636 944 2692 baud
964 2636 1057 2710 paucis
1077 2637 1176 2694 additis

220 2719 300 2774 etiam
319 2715 496 2776 Freinshemii
517 2727 546 2775 et
564 2718 690 2778 Graderii
710 2718 906 2793 supplementis
926 2720 955 2776 iu
970 2735 1053 2776 unum
1074 2737 1175 2794 corpas

218 2802 375 2858 coniunctas
389 2802 542 2876 proposuit.
564 2801 838 2870 Quallralrenborchii
850 2820 915 2862 cura
930 2813 958 2860 et
969 2801 1020 2860 lide
1034 2813 1062 2860 et
1074 2805 1175 2862 doctri·

284 3013 345 3078 301)
364 3016 446 3067 Edidit
456 3017 548 3069 Livium
561 3019 666 3080 Lugduni
678 3021 757 3071 Batai.
766 3017 898 3071 ttae-to
910 3021 948 3072 vlt
960 3023 1015 3072 soll.
1027 3022 1058 3077 ‘it
1069 3023 1093 3072 iu
1107 3037 1175 3088 repe-

218 3085 259 3132 tita
271 3083 328 3133 adit.
341 3083 491 3144 statuamus
508 3083 641 3135 loeo-ee
651 3087 690 3136 XV
701 3089 756 3137 roll.
769 3085 786 3136 8
803 3089 914 3138 nonnulla
926 3103 985 3138 nora
998 3098 1052 3137 sunt
1063 3089 1151 3138 addita.

284 3147 345 3212 302)
366 3150 464 3208 Quantis
480 3152 503 3201 ei
521 3153 700 3204 difficultatibus
716 3155 787 3204 inerit
803 3155 985 3204 conflictandum
997 3155 1136 3215 intelligitur
1148 3171 1173 3205 ea

217 3221 257 3267 dr.
268 3217 389 3268 nument.
403 3218 433 3268 ad
445 3219 681 3280 ubantongotium
694 3220 801 3284 epistolis
812 3221 937 3272 duodecim
949 3223 1020 3271 editis
1032 3221 1062 3270 ab
1074 3221 1175 3274 ttuuit

217 3283 367 3346 Heerwagen.
380 3285 475 3335 berothi
494 3283 567 3337 1853.
592 3287 622 3335 Et
638 3287 678 3336 lais
694 3287 873 3338 difficultatibus
889 3297 912 3338 et
923 3289 997 3338 nimia
1014 3302 1092 3337 remm
1105 3290 1174 3353 copia

218 3351 308 3401 ridetur
319 3354 407 3402 lactum
419 3366 479 3410 esse,
490 3361 516 3402 ut
526 3354 641 3418 quaedam
654 3362 692 3403 aut
703 3355 821 3403 omitteret
831 3364 870 3404 ant
882 3370 929 3404 non
942 3356 1000 3404 satis
1012 3364 1123 3404 accurata
1135 3371 1173 3406 ea·

217 3425 356 3546 rau
364 3419 855 3544 presentarentur..
869 3503 893 3553 ,.
