2572 3956
308 252 402 294 urente
419 252 439 291 1.
466 252 536 294 cer.
552 243 595 299 53.
611 245 654 298 54.
687 231 725 315 [a.
743 231 919 315 O.534·510]
1048 239 1089 300 55

140 408 232 464 tutum
254 401 311 461 nisi
331 399 409 477 apud
430 399 529 462 hostes
551 400 582 462 L.
596 401 738 478 Tarquini
759 401 929 464 credidisse.
961 418 1029 462 uam
1051 421 1090 464 no

141 491 289 553 errarent,
308 501 428 544 manere
443 485 478 544 iis
494 482 619 554 belltnn,
642 484 718 561 quod
734 487 862 563 positum
877 483 1046 555 simuletur,
1061 491 1090 547 el

139 585 192 646 per
215 567 400 628 occasionem
426 585 492 628 cum
514 569 647 628 incautos
666 569 843 628 invasurum.
879 569 996 646 quodsi
1011 568 1090 647 apud
1107 579 1125 632 8

139 669 190 711 ecs
211 649 393 728 supplicibus
406 649 489 710 locus
506 653 630 722 nonsit,
647 659 872 728 pererraturum
886 669 919 713 se
933 669 1020 712 omne
1035 651 1090 712 La·

139 736 221 802 tium,
241 732 420 810 Volscosque
431 753 462 796 se
474 733 543 796 inde
556 742 584 796 ot
594 735 710 812 Aequos
725 743 753 794 et
764 733 908 796 Hernicos
919 735 1089 812 petiturum,

139 816 234 877 donec
256 816 292 877 ad
314 835 364 879 eos
379 819 544 895 perveniat,
566 819 647 895 quia
668 826 785 895 potrum
810 816 980 879 crudelibus
1002 824 1090 896 atque

138 901 235 978 impiis
256 899 407 979 suppliciis
427 910 527 978 tegere
549 899 660 962 liberos
682 903 784 978 sciant.
799 902 921 962 forsitan
940 903 1027 964 etiarn
1043 918 1124 969 amo

138 982 220 1043 doris
236 983 346 1060 aliquid
366 983 403 1044 ad
423 982 534 1046 bellum
556 1002 696 1063 armaque
713 1004 745 1046 se
760 985 899 1047 adversus
913 984 1089 1064 superbissi-

137 1084 219 1126 mum
235 1083 336 1144 regern
354 1085 387 1126 ee
404 1067 617 1129 ferocissimum
631 1067 773 1146 populum
792 1069 988 1130 inventurum.
1011 1087 1088 1140 eum,
1109 1085 1228 1152 lox„

136 1150 163 1210 si
184 1148 257 1208 nihil
276 1157 489 1222 morarentur,
500 1152 632 1212 infensus
646 1153 691 1211 ira
706 1168 796 1230 porro
815 1152 884 1213 inde
899 1151 1032 1213 abiturus
1047 1154 1088 1213 ui-

136 1232 273 1303 deretur,
288 1232 415 1312 benigne
430 1233 465 1294 ab
483 1233 603 1296 Gabinis
623 1236 775 1312 excipitur.
810 1242 906 1296 vetent
920 1237 1037 1304 mirari,
1053 1235 1088 1305 si,

136 1315 233 1394 qualis
247 1318 278 1377 in
292 1317 383 1387 ciues,
405 1316 499 1396 qualis
513 1319 544 1378 in
558 1318 670 1387 socios,
690 1316 754 1378 talis
769 1317 805 1378 ad
823 1317 957 1380 ultimum
971 1319 1002 1380 in
1016 1317 1090 1380 libe·

135 1416 188 1460 ros
203 1405 288 1461 esset.
310 1401 342 1460 in
355 1419 386 1462 se
398 1403 493 1479 ipsum
507 1408 658 1480 postremo
670 1402 858 1471 saeviturum,
874 1403 899 1462 si
913 1401 969 1480 alia
983 1402 1088 1463 desint
1109 1407 1136 1461 tt

135 1481 195 1543 sibi
210 1500 280 1544 uero
294 1490 409 1561 gratum
423 1485 578 1546 adventum
594 1485 657 1546 eius
673 1503 746 1553 esse,
763 1482 953 1562 futurumque
965 1485 1090 1547 credere

134 1564 230 1636 breti,
245 1573 277 1627 ut
292 1565 343 1628 illo
359 1568 511 1630 adiuvante
526 1569 647 1647 aportis
659 1566 780 1630 Gabinis
794 1566 848 1628 sub
864 1568 996 1629 Romana
1007 1586 1089 1630 moe·

16 1679 20 1686 ·
135 1651 186 1710 nia
203 1648 312 1710 bellurn
329 1651 530 1713 transferatur.

200 1733 268 1795 liv.
296 1733 368 1795 Inde
388 1737 418 1794 in
441 1734 563 1796 consilia
583 1734 702 1814 publiea
719 1733 866 1804 adhiberi.
897 1733 947 1794 ubi
963 1751 1033 1794 cum
1052 1735 1089 1796 de
1109 1741 1121 1790 1

135 1817 203 1880 eliis
216 1817 307 1880 rebus
321 1818 468 1880 adsentire
485 1838 517 1880 se
531 1817 679 1880 veteribus
694 1815 815 1879 Gabinis
833 1817 960 1887 diceret,
983 1815 1089 1894 quibus

135 1920 191 1964 eae
206 1903 336 1964 notiores
353 1909 465 1970 essent3
486 1902 550 1980 ipse
572 1901 732 1962 identidem
753 1898 825 1960 belli
838 1910 942 1961 auctor
957 1919 1036 1970 esse,
1061 1907 1090 1961 et

135 1988 170 2046 in
182 2003 216 2047 eo
229 1984 285 2045 sibi
302 1987 492 2064 praecipuam
506 1985 693 2064 prudentiam
708 1983 872 2055 adsumere,
888 1983 967 2060 quod
981 1984 1089 2044 utrius·

136 2085 197 2146 que
211 2067 313 2147 popuii
328 2070 403 2130 vires
418 2075 526 2139 nosset,
538 2069 686 2146 sciretque
700 2067 822 2128 invisam
837 2065 971 2145 proiecto
986 2083 1089 2144 super·

136 2151 217 2213 biam
239 2154 351 2230 regiam
369 2151 479 2214 civibus
497 2171 578 2222 esse,
600 2169 688 2229 quam
708 2151 789 2212 ferre
808 2168 847 2212 ne
863 2148 951 2211 liberi
971 2149 1089 2227 quidem

159 2236 310 2298 otuissent.
344 2237 383 2296 ita
400 2254 467 2296 oum
483 2236 592 2297 sensim
606 2234 642 2296 ad
657 2232 861 2296 rebellandum
875 2235 1021 2312 primores
1032 2233 1089 2294 Ga·
1107 2243 1124 2294 2

137 2255 278 2381 binorum
293 2321 438 2389 incitaret,
458 2321 521 2397 ipse
536 2336 603 2378 curn
615 2317 841 2396 promptissimis
855 2318 991 2380 iuvenum
1003 2332 1088 2394 prae·

137 2403 238 2464 datum
254 2410 340 2479 atque
355 2404 385 2463 in
404 2402 604 2482 expeditiones
619 2402 685 2470 iret,
701 2407 729 2461 ct
746 2399 831 2460 dietis
841 2400 984 2475 lactisque
995 2399 1090 2458 omni·

138 2486 195 2547 bus
211 2485 246 2545 ad
262 2484 420 2546 fallendum
437 2485 586 2545 instructis
600 2501 673 2544 vana
685 2489 870 2543 accresceret
883 2481 964 2550 fides,
980 2483 1038 2541 dux
1054 2481 1090 2542 ad

138 2569 274 2630 ultimum
294 2567 365 2630 belli
390 2567 504 2645 legitur.
535 2565 665 2626 ibicum
686 2566 779 2626 inscia
794 2563 997 2633 multitudine,
1021 2563 1090 2641 quid
1107 2579 1124 2630 a

139 2658 293 2730 ageretur,
312 2650 425 2730 proclia
446 2667 534 2728 parva
553 2650 631 2710 inter
650 2649 773 2709 Romam
789 2645 956 2723 Gabiosque
976 2647 1089 2717 nuent,

139 2733 247 2812 quibus
267 2733 442 2813 plerumque
457 2732 568 2795 Gabina
591 2751 640 2794 res
655 2733 790 2810 superior
807 2737 898 2800 esset,
916 2737 979 2790 tum
996 2735 1090 2790 certa·

140 2819 192 2880 tim
212 2818 319 2878 summi
338 2817 490 2894 infimique
506 2815 689 2878 Gabinorum
710 2815 775 2876 Sex.
804 2813 998 2890 Tarquinium
1013 2811 1090 2872 dono

140 2901 228 2961 deum
241 2899 299 2962 sibi
315 2902 434 2962 missum
451 2899 557 2960 ducem
573 2899 704 2960 credere.
738 2897 815 2975 apud
829 2895 936 2980 milites
953 2914 1022 2956 vero
1038 2893 1090 2956 ob·
1108 2913 1125 2968 4

140 2982 237 3045 eundo
253 2983 384 3062 pericula
398 3001 432 3043 ac
446 2981 564 3043 labores
579 2983 705 3061 pariter,
719 2981 860 3058 praedam
877 2979 1014 3041 munifice
1031 2977 1090 3038 lat·-

140 3066 246 3146 giendo
261 3074 339 3128 tanta
358 3069 477 3128 caritate
494 3085 567 3135 esse,
586 3073 618 3126 ut
631 3082 691 3125 non
702 3071 786 3141 pater
798 3064 975 3139 Tarquinius
986 3068 1090 3138 poten·

139 3151 197 3211 tior
219 3150 330 3212 Romae
352 3168 440 3228 quam
466 3148 544 3210 iilius
565 3147 664 3211 Gabiis
693 3153 777 3207 esset.
818 3148 916 3221 itaque
936 3151 1125 3223 postquamo

140 3235 209 3294 satis
225 3235 329 3294 virium
345 3232 501 3294 collectum
516 3233 552 3292 ad
567 3249 669 3292 omnes
684 3236 805 3289 conatus
823 3226 953 3298 ridebat,
978 3234 1040 3287 tum
1055 3245 1091 3287 ex

140 3317 199 3377 suis
214 3334 307 3376 unum
321 3317 498 3378 sciscitatum
514 3315 637 3375 Romam
650 3312 687 3373 ad
706 3318 820 3390 patrem
836 3311 931 3381 mittit,
951 3310 1091 3388 quidnam

139 3417 172 3460 se
193 3399 293 3460 iacere
313 3398 414 3469 vellet,
438 3398 553 3477 quando
575 3395 708 3473 quidem,
731 3402 763 3454 ut
783 3395 881 3454 omnia
896 3411 973 3454 unus
989 3390 1089 3473 [prae]

140 3481 240 3545 Gabiis
254 3491 370 3562 posset,
386 3483 413 3546 ei
430 3482 470 3548 dii
486 3481 643 3544 dedissent.
674 3478 743 3539 huic
758 3478 876 3548 nuntio,
892 3479 975 3556 quia,
991 3475 1090 3546 credo,
1107 3487 1125 3540 o
1207 3552 1209 3555 ¹

822 3759 847 3797 ⁶
913 3751 927 3772 Ο
