2548 3954
229 218 268 278 10
413 194 507 274 nisan
525 231 546 270 1.
573 229 643 272 osa.
660 221 692 285 t.¹
705 225 730 276 8.
762 219 801 284 [e.
816 232 846 270 u.
864 231 888 270 c.
908 217 983 284 1-37]
1016 269 1020 273 ,

195 388 210 438 s
288 377 424 438 Euander
444 384 506 436 tum
528 395 559 438 ea
576 377 718 456 profugus
734 396 769 438 ex
786 376 990 456 Peloponneso
1005 378 1177 439 auctoritate

228 463 319 538 magis
342 476 429 537 wem
449 461 575 538 imperio
594 459 717 537 regebat
730 460 810 530 loca,
835 459 1012 524 venerabilis
1026 463 1070 520 vir
1087 463 1178 524 mira·

228 543 294 605 culo
315 543 495 613 litterarum,
519 545 565 604 rei
585 561 678 605 novae
697 546 774 606 iuter
796 543 887 604 rudes
908 545 1015 605 mum
1032 543 1177 622 homines,

229 625 424 689 venerabilior
438 625 586 688 didnitate
602 627 712 688 credita
723 627 896 689 Carmentae
907 629 1018 698 matris,
1036 644 1122 705 mam
1135 627 1178 688 la·

228 711 368 787 tiloquam
389 717 456 770 ante
483 709 610 789 Sibyllae
629 712 661 770 in
679 708 792 771 ltaliam
812 709 967 770 adventum
984 712 1105 772 miratae
1126 729 1179 772 eae

195 812 211 860 u
229 801 330 872 gentes
346 794 471 854 fuerant
499 794 525 854 is
540 793 768 864 tumEuandcr,
790 810 937 855 concursu
953 801 1103 873 pastorum
1119 801 1179 854 tre·

229 877 392 956 pidantium
407 878 485 936 circa
501 876 642 937 advenam
655 877 825 938 manifestae
839 894 924 938 reum
935 878 1042 938 -caedis
1058 879 1179 945 excitus,

229 967 384 1040 postquam
405 959 518 1020 lacinus
540 959 738 1037 facinorisque
759 977 877 1020 eausam
898 961 1024 1031 audivit,
1046 959 1179 1021 habitum

231 1045 414 1120 formamque
443 1043 499 1102 viri
519 1042 699 1120 aliquantum
725 1042 900 1122 ampliorem
922 1045 1180 1121 augustioremque

184 1140 213 1191 ιο
230 1127 357 1188 bumana
378 1128 510 1197 intuens,
532 1129 656 1204 rogitat,
678 1127 728 1204 qui
744 1129 789 1186 vir
809 1135 892 1188 esset.
923 1126 974 1187 ubi
996 1145 1105 1188 nomen
1128 1144 1180 1206 pa-

230 1219 364 1287 tremque
379 1228 414 1270 ac
427 1211 551 1289 patriam
567 1211 688 1288 accepit,
706 1209 793 1280 „love
808 1217 891 1279 nate,
906 1210 1066 1281 Hercules,
1082 1208 1180 1272 salve‘·

230 1295 334 1372 inquit.
366 1301 415 1363 „te
433 1293 507 1353 milri
523 1300 632 1364 mater,
653 1294 779 1354 veridica
801 1296 948 1372 interpres
964 1295 1066 1364 deum,
1081 1301 1181 1354 auctu-

231 1395 298 1436 rum
312 1375 481 1438 caelestium
500 1394 657 1443 numerum
672 1379 792 1446 cecinit,
814 1376 927 1455 tibique
945 1395 1026 1438 aram
1041 1377 1090 1437 hic
1102 1377 1181 1436 dica·

231 1469 293 1519 tum
307 1460 354 1528 iri,
371 1475 458 1535 quam
475 1458 697 1537 opulentissima
713 1460 783 1520 olim
797 1463 827 1520 in
845 1462 932 1522 terris
943 1478 1016 1538 gens
1027 1462 1182 1521 maximam

185 1549 316 1604 trrocet
336 1549 446 1619 tuoque
463 1543 522 1603 ritu
543 1540 648 1602 colat“.
680 1543 781 1604 dextra
796 1542 939 1605 Hercules
959 1544 1023 1605 data
1044 1545 1182 1622 accipere
1260 1591 1261 1630 q

184 1641 214 1690 12
233 1645 265 1688 se
281 1642 368 1686 omen
387 1625 625 1704 inpleturumque
641 1627 698 1687 lata
716 1645 767 1687 ara
783 1627 898 1688 condita
915 1645 949 1688 ac
962 1627 1056 1688 dicata
1070 1630 1119 1687 ait.
1139 1624 1182 1685 ibi

233 1719 295 1770 tum
312 1710 440 1788 primum
459 1707 535 1769 bove
551 1710 656 1770 eximia
678 1718 761 1789 capta
777 1710 814 1771 de
829 1727 918 1788 grege
934 1728 1051 1771 sacrum
1063 1707 1182 1770 Herculi
1260 1751 1261 1756 η

16 1833 19 1838 -
47 1815 54 1854 ;
77 1815 100 1841 ··
126 1843 128 1845 .
234 1791 370 1854 adhibitis
391 1792 428 1852 ad
448 1793 642 1854 ministerium
666 1793 830 1871 dapemque
853 1794 966 1855 Potitiis
988 1811 1023 1854 ac
1045 1794 1182 1862 Pinariis,

158 1921 161 1924 -
235 1893 310 1953 quae
336 1883 398 1936 tum
418 1875 545 1936 familiae
565 1878 690 1938 maxime
712 1876 829 1938 inclitae
856 1896 891 1939 ea
918 1877 983 1938 loca
1004 1873 1184 1944 incolebant,

186 1963 217 2014 13
234 1960 352 2020 lactum.
382 1958 458 2021 sorte
477 1961 517 2019 ita
535 1963 645 2030 evenit,
665 1968 698 2021 ut
711 1960 810 2021 Potitii
824 1962 860 2021 ad
875 1967 991 2039 tempus
1005 1965 1121 2040 praesto
1138 1978 1184 2018 es·

235 2049 316 2112 sent,
338 2042 443 2119 hisque
464 2050 529 2104 exta
550 2050 784 2122 apponerentur,
807 2045 918 2105 Pinarii
942 2047 1016 2106 extis
1038 2043 1134 2104 adesis
1148 2042 1183 2103 ad
1260 2047 1261 2050 ’

236 2133 363 2187 ceteram
383 2127 517 2187 venirent
538 2127 651 2203 dapem.
684 2127 752 2188 inde
769 2128 932 2188 institutum
946 2129 1067 2196 mansit,
1089 2126 1185 2186 donec

188 2213 217 2262 14
235 2209 384 2269 Pinarium
395 2225 488 2285 genus
502 2208 565 2278 luit,
580 2226 618 2269 ne
632 2212 705 2270 extis
716 2210 903 2272 sollenmiunr
914 2217 1112 2272 vescerentur.
1128 2209 1185 2270 Po·

235 2292 290 2352 titii
310 2289 346 2350 ab
366 2290 505 2352 Euandro
528 2291 624 2353 edocti
644 2295 786 2355 antistites
807 2295 883 2354 sacri
911 2296 973 2355 eius
1000 2311 1055 2373 per
1080 2291 1186 2353 multas

236 2381 344 2434 aetates
358 2373 486 2444 luerunt,
507 2374 602 2436 donec
615 2375 722 2436 tradito
737 2379 830 2438 serris
841 2377 974 2454 *publicis
990 2377 1127 2438 sollemni
1142 2376 1185 2436 la-

188 2456 333 2518 tantillae
358 2457 521 2518 ministerio
545 2475 637 2535 genus
658 2477 745 2521 omne
766 2460 942 2520 Potitiorum
958 2462 1082 2521 interiit.
1111 2460 1186 2521 haec

235 2550 298 2601 tum
319 2557 402 2601 sacra
421 2539 564 2602 Romulm
588 2559 647 2601 una
664 2562 700 2603 ex
718 2541 856 2605 omnibus
874 2545 1031 2622 peregrina
1047 2545 1180 2621 suscepit

236 2627 294 2684 iam
314 2631 376 2684 tum
396 2623 610 2686 inmortalitatis
630 2627 736 2687 virtute
755 2633 871 2704 partae,
893 2627 930 2687 ad
951 2645 1038 2704 quam
1053 2645 1119 2688 eum
1134 2643 1186 2687 sua

237 2707 293 2766 sata
310 2704 464 2775 ducebant,
483 2708 588 2768 fautor.

207 2798 217 2845 1
300 2788 372 2850 Vlll.
393 2788 492 2851 Rebus
506 2791 610 2852 divims
626 2792 682 2852 rite
699 2794 876 2870 perpetratis
890 2801 1049 2872 vocataque
1062 2792 1098 2852 ad
1115 2808 1186 2851 con·

238 2871 337 2932 cilium
357 2871 557 2942 multitudine,
574 2891 648 2950 quae
665 2874 831 2937 coalescere
847 2879 877 2936 in
898 2877 1000 2956 populi
1017 2877 1104 2937 unius
1120 2892 1186 2934 cor·

238 2972 294 3034 pus
314 2953 394 3015 nulla
420 2973 454 3016 re
481 2965 688 3035 praeterquam
710 2957 826 3037 legibus
847 2967 977 3038 poterat,
1007 2963 1071 3020 iura
1092 2957 1186 3024 dedic

203 3045 219 3091 2
239 3055 314 3115 quae
335 3039 376 3098 ita
397 3046 496 3100 sancta
515 3043 620 3118 generi
634 3041 787 3102 hominum
801 3046 910 3120 agresti
924 3044 989 3107 lore
1003 3051 1099 3112 ratus,
1114 3043 1140 3102 si
1156 3059 1188 3102 se

238 3124 302 3201 ipse
317 3121 516 3184 venerabilem
535 3123 700 3202 insignibus
719 3127 838 3204 imperii
853 3127 984 3198 lecisset,
1007 3145 1074 3189 cum
1090 3132 1186 3187 cetero

238 3204 341 3266 babitu
360 3225 392 3266 se
412 3208 627 3284 augustiorem,
648 3215 711 3268 tum
726 3211 852 3270 maxime
866 3209 1021 3272 lictoribus
1032 3210 1187 3271 duodecim

205 3295 222 3346 3
239 3291 362 3366 sumptis
376 3289 453 3351 lecit.
477 3289 526 3350 alii
537 3289 573 3351 ab
585 3308 709 3352 numero
722 3293 827 3363 adum,
842 3309 917 3370 quae
929 3296 1052 3372 augurio
1064 3307 1187 3370 regnum

171 3396 173 3400 ·
240 3372 463 3449 portenderant,
487 3391 554 3434 eum
575 3383 708 3436 secutum
730 3393 886 3436 numerum
905 3384 1022 3456 putant3
1043 3395 1091 3438 me
1112 3375 1184 3436 bani

242 3455 370 3530 paenitet
384 3472 486 3516 eorum
502 3459 662 3518 sententiae
679 3478 752 3530 esse,
768 3457 874 3536 quibus
889 3469 918 3523 et
933 3463 1116 3540 apparitores
1130 3450 1185 3540 [eq
