2522 3954
285 229 333 278 DE
354 229 428 278 Tl'l'l
448 228 536 278 n1v11
557 230 641 280 vtra
663 231 708 280 ΕΤ
728 230 893 284 scutrum.
979 234 1064 284 mx

102 389 178 465 vulgi
191 395 341 446 vamtatem
355 396 384 444 et
395 387 535 448 meritum
549 387 674 464 metiret.
689 387 775 453 „haec
788 388 878 466 inquit
891 398 988 452 natura
1000 392 1068 452 mul·

103 473 233 531 titudinis
247 480 300 535 est,
312 480 360 529 aut
371 471 455 528 servit
468 471 608 530 humiliter
619 480 666 532 aut
677 472 795 548 superbe
806 474 975 541 dominatur:
987 475 1068 535 lilter·

102 566 198 621 tatem
217 572 287 632 qaae
301 553 389 614 media
404 562 455 620 est.
474 571 526 614 neo
538 572 638 630 cupere
657 556 763 616 modies
776 573 827 618 nee
841 557 941 618 nuos
961 560 1068 618 seiont·

102 640 198 705 XXIV.
214 647 262 703 Ἃ,
277 645 309 704 8;
330 646 358 696 et
375 637 424 702 ..in
443 637 539 698 liberis
553 639 681 713 gmdtus
697 639 862 716 populisque
876 641 954 716 plebs
967 642 1067 717 ubique

103 724 196 781 omnis
210 723 282 787 lere,
299 729 331 779 ut
345 721 434 786 solet,
448 723 630 782 domiminus
644 733 704 782 erat
716 723 862 782 inclinata“
875 726 948 791 xiil.
964 733 1000 788 30
1011 725 1066 790 all..

104 817 134 866 et
152 825 185 866 ex
205 807 252 872 iis,
275 823 345 881 qnae
357 805 392 870 V.
407 813 438 870 o,
454 812 487 868 17
502 807 606 882 Appias
619 807 709 882 plebei
730 816 759 864 et
773 809 891 868 tribunis
906 810 1066 886 exprobrat·

104 909 157 956 „ea
173 892 281 950 demum
296 891 396 948 Romae
410 889 522 950 libertas
537 898 580 948 est
595 907 653 948 nen
667 899 799 956 senatun,
813 909 869 951 ueu
881 894 1058 969 magistratus

104 992 162 1034 non
182 974 277 1049 leges,
300 990 355 1032 uon
372 990 463 1032 mores
482 974 629 1039 maiorum.
649 992 707 1036 noo
724 975 849 1034 instituta
865 985 987 1052 patrium,
1011 994 1067 1036 oon

104 1057 276 1133 disciplinam
289 1057 379 1116 vereri
392 1057 523 1117 militiae‘*
538 1059 605 1119 satis
618 1059 793 1135 intelligitur,
807 1077 888 1135 quam
903 1078 962 1136 ipse
976 1061 1066 1119 Livius

103 1141 262 1217 probauerit
284 1140 446 1200 libertatem.
473 1143 545 1200 Ante
566 1143 656 1202 emnia
674 1160 798 1209 ,muns
817 1144 993 1219 magistratus
1017 1145 1065 1202 im·

103 1226 237 1302 petisque
252 1224 343 1300 legum
356 1225 511 1299 potentiora
522 1243 602 1300 quam
612 1227 770 1286 heumann·
784 1228 909 1302 requirit.
922 1246 946 1284 r.
958 1227 990 1292 ll.
1002 1236 1027 1292 1,
1041 1238 1065 1286 l.

104 1317 135 1366 et
154 1316 187 1366 ut
202 1308 326 1366 ornailsus
341 1309 453 1383 priuatis
468 1310 617 1368 comedis
632 1317 714 1384 atque
726 1310 972 1368 necessitudinibus
991 1310 1064 1368 saltn

104 1391 272 1468 reipublicae
282 1391 513 1467 potiorhalreatur
526 1393 559 1450 ad
569 1393 779 1468 eamqueomaia
787 1393 900 1452 oonsilia
915 1410 1064 1454 recomm-

103 1477 206 1534 dentur
222 1492 279 1533 uon
292 1492 348 1533 uno
363 1474 425 1533 loco
439 1477 585 1551 praecipit,
600 1495 624 1532 v.
639 1477 724 1540 xn'lv,
740 1485 765 1540 8,
781 1485 823 1538 11.
848 1477 947 1536 Deinde
959 1495 1022 1538 eum
1037 1495 1064 1536 er

102 1577 137 1616 ex
151 1560 276 1634 priorum
292 1565 444 1634 temporum
459 1559 575 1616 heum
589 1559 705 1634 intelligi
719 1575 801 1634 pesse
817 1561 870 1620 sibi
884 1562 1065 1636 persuasisset

102 1651 132 1700 et
145 1643 207 1716 ipse
220 1642 333 1700 vidisset
346 1641 492 1716 populares
505 1641 652 1718 pleresque
667 1643 712 1700 vili
723 1643 770 1700 illa
785 1652 813 1700 et
827 1654 964 1719 corrupta.
977 1644 1063 1720 qualis

102 1743 155 1784 sua
170 1733 260 1783 acute
275 1733 343 1790 erat.
355 1725 536 1790 tmltitudiue
550 1745 585 1783 ex
598 1729 719 1785 emnium
732 1726 897 1802 populorum
909 1727 1063 1786 colluvione

102 1810 201 1873 mixta,
223 1809 340 1873 aliusue,
362 1809 392 1866 in
409 1809 537 1866 emmas
553 1809 719 1868 calamitates
740 1819 767 1868 et
787 1825 891 1870 summa
910 1811 1063 1870 discrinune

102 1894 239 1952 eiriutem
257 1892 398 1950 adduxisse
419 1901 447 1950 et
462 1902 601 1968 postremo
620 1894 774 1952 libertatem
791 1895 952 1968 prodidisse.
966 1895 1062 1952 mirum

102 1994 164 2035 esse
176 1992 233 2035 nen
248 1982 358 2052 potest.
375 1977 448 2050 qued
470 1977 640 2052 optimatium
654 1983 755 2051 partas.
772 1993 886 2052 warum
900 1979 991 2036 studio
1010 1977 1063 2034 iam

102 2059 261 2118 adolescens
282 2059 402 2118 imbutus
421 2068 495 2124 erat,
516 2059 741 2136 amplectebatur,
769 2069 907 2127 renuam.
931 2077 1011 2137 quern
1035 2060 1063 2118 in

102 2143 215 2202 sunuuis
229 2142 359 2218 perieulis
381 2143 571 2218 rempublicam
587 2151 755 2202 sustentasse
772 2159 829 2202 nea
844 2145 1000 2219 ignoraret,
1016 2161 1061 2203 ce·

101 2227 194 2286 lusam
208 2225 346 2285 libertatis
360 2243 444 2284 unuin
459 2235 488 2284 et
506 2226 614 2285 firmum
626 2228 753 2303 putabata
774 2227 933 2304 Pompeium
946 2229 1062 2303 denique

101 2320 130 2368 et
145 2311 206 2368 eins
222 2311 333 2375 amnes,
348 2311 394 2386 qui
412 2310 536 2370 acerrimi
550 2311 645 2370 harum
659 2312 778 2386 partiam
792 2312 909 2372 viridium
924 2312 1010 2372 luisse
1024 2311 1061 2370 vi·

100 2395 244 2459 ddrantur,
259 2395 371 2452 summis
383 2393 488 2452 larebat
501 2394 635 2460 laudibus,
649 2395 816 2471 Brutumque
830 2405 859 2454 et
870 2396 997 2460 Gessium.
1014 2397 1061 2470 qui

100 2486 198 2536 curua
211 2474 360 2538 Antonium
380 2487 408 2536 et
422 2479 594 2536 &umanum
614 2479 769 2538 libertatem
789 2480 980 2543 defenderant,
1002 2479 1061 2542 ..in-

98 2563 193 2636 signes
210 2562 303 2619 vuus‘·
318 2562 497 2636 praedicalnt.
527 2562 600 2631 uuae
615 2574 776 2636 qumquam
790 2579 847 2620 nou
865 2569 920 2620 mm
936 2570 1061 2620 accurate

100 2654 255 2720 temporum
271 2646 464 2720 hominumque
484 2645 641 2720 cognitione
655 2646 751 2703 duetus
771 2645 898 2704 irrdioevit
917 2663 998 2722 quam
1016 2662 1060 2703 ve·

98 2729 167 2786 teris
188 2728 245 2786 ueri
260 2727 437 2786 admiratione
455 2738 484 2785 et
503 2728 593 2804 specie
614 2729 727 2804 quadam
746 2729 880 2788 liltertatis
894 2731 1015 2806 perlecta
1032 2729 1060 2787 in

99 2811 327 2888 philosophorum
342 2811 443 2870 scholis
457 2819 596 2887 eomepta,
610 2829 700 2886 neque
713 2829 747 2870 ee
759 2814 875 2872 consilio
889 2814 1016 2890 pretulit,
1028 2823 1060 2871 ut

99 2911 229 2970 praesens
244 2897 330 2954 otium
352 2896 457 2954 turbari
477 2895 558 2954 vellet
571 2896 698 2954 libertate
712 2897 875 2972 repetenda.
898 2907 987 2956 tamea
1003 2899 1059 2957 ani·

98 2995 173 3038 mum
195 2995 257 3037 vere
273 2980 423 3038 lloauauum
446 2980 474 3037 iu
495 2997 528 3039 eo
545 2981 630 3038 luisse
650 2979 802 3045 declarant,
822 2982 880 3039 siue
898 2999 952 3058 quo
969 2997 1059 3056 usqne

97 3071 173 3121 recte
185 3064 315 3138 cognosci
330 3064 468 3139 ingenium
482 3064 577 3140 populi
589 3065 700 3122 Romani
711 3082 801 3140 neque
816 3082 878 3123 uera
895 3067 954 3124 eius
969 3067 1058 3142 inape

97 3147 212 3222 exprimi
226 3141 376 3222 potmt⁶⁸);
394 3165 445 3206 nec
458 3147 633 3206 dubitatalnan
644 3156 695 3213 est,
709 3150 775 3224 quin
790 3149 957 3224 qaaeLiuias
972 3149 1057 3207 liliere

99 3231 132 3288 de
149 3231 279 3289 libertate
294 3231 374 3296 dixit,
392 3232 511 3308 optimus
531 3234 646 3309 quisque
667 3232 713 3290 illa
731 3241 820 3291 aetate
837 3234 960 3292 senserit.

157 3315 198 3372 tld
217 3315 286 3373 hone
305 3315 422 3374 indolem
440 3325 469 3375 et
484 3317 601 3375 emmanu
616 3333 676 3375 cum
695 3318 833 3376 secederet
847 3333 877 3375 ea
892 3315 1052 3394 eloquenda.

165 3493 209 3560 ec>
226 3495 300 3547 usu
312 3497 329 3546 ι.
341 3497 357 3548 1.
370 3513 394 3562 p.
407 3496 464 3549 see.
