2534 3956
320 187 416 230 erese
434 187 477 231 rr.
506 187 577 230 uur-
593 181 619 233 9.
635 182 676 232 10.
708 171 747 248 [o.
765 170 797 230 0.
813 170 876 247 386]
1013 139 1079 236 321·

120 333 210 412 legati
225 333 261 394 ab
277 333 393 412 Nepete
403 334 704 397 eosSuuioauxilium
718 335 858 401 aduersus
867 335 1074 414 Etuusoespe·

118 426 216 478 tentes
240 419 379 488 veniunt,
404 417 532 480 lmeuem¹
548 419 819 485 oeeesiuuemtesee
833 419 948 482 ferendi
974 418 1076 482 auxilii

119 508 327 566 memorantes
368 519 405 562 eo
431 502 492 562 vinu
511 501 628 563 Cannlli
652 500 694 562 ab«
714 503 799 565 dutiu
821 502 939 565 fortuna
960 503 1071 562 auertit
1090 505 1108 552 4

117 595 248 662 numque
264 600 336 650 eum
353 601 390 646 ea
404 582 476 644 loom
484 587 624 663 opposta
639 585 777 648 tramite
795 591 828 648 et
846 583 925 646 velut
945 583 1074 646 claustra

116 666 188 728 inde
211 674 373 745 portaeque
396 675 509 738 esseut,
533 678 566 729 eu
582 668 647 730 illio
659 667 823 746 ououpaudi
842 686 891 738 oa,
914 685 985 728 oum-
1003 667 1078 744 quid,

117 751 188 809 noui
201 749 393 821 molirentur,
409 757 444 812 ot.
453 751 601 814 uomere·
613 752 813 830 neoupeuaudi
827 751 988 829 tuendique
1002 768 1074 812 eune

117 841 190 894 erat
226 835 316 910 igitur
336 835 459 894 sonuum
474 834 742 912 eemuamilloegr
760 833 883 913 placuit,
909 842 942 896 ut
963 835 1072 896 omisso
1090 839 1106 887 5

116 915 675 997 tnuooeltomltuoeounmeotporot,
697 916 831 1002 legiones
842 917 989 988 uubauae,
1006 919 1071 996 qui·

116 997 344 1070 boetttotnotue
352 1000 536 1079 praefuerat,
549 1004 577 1062 ei
591 1001 801 1064 decernuntur.
829 1018 1007 1080 quamquam
1022 1019 1071 1062 ex,-
1089 1004 1106 1056 d

115 1089 234 1160 pertum
255 1084 420 1143 exereitum
440 1084 655 1162 adsuetumque
672 1085 815 1160 imperio,
838 1086 890 1160 qui
909 1086 941 1144 in
960 1082 1072 1147 Volscis

116 1173 195 1235 erat,
213 1164 329 1234 mallet,
352 1165 426 1225 nillil
440 1168 602 1234 neoumuit3
626 1165 773 1228 Valerium
794 1167 1000 1231 unwmmedo,
1015 1167 1070 1229 im·

115 1249 195 1326 perti
204 1249 319 1312 sotium
332 1248 514 1327 depoposcit.
541 1246 693 1318 Quinctius
706 1249 905 1328 Horatiusque
919 1267 1071 1316 nussam·

114 1349 165 1392 res
186 1330 310 1392 Valerio»
323 1331 490 1393 inlloleois.
503 1334 594 1394 missi.
631 1333 758 1411 preteeti.
781 1332 821 1400 alt¹
840 1331 921 1394 urhe·
941 1333 1104 1401 suumne

116 1414 227 1475 Furius
234 1421 268 1475 -ot
282 1414 542 1494 voteritepanon
559 1417 664 1497 oppidi·
678 1418 738 1478 iam
755 1424 869 1494 nuptam
885 1415 927 1477 ah
938 1414 1071 1478 Etruscis

115 1500 272 1569 inuenere,
299 1517 335 1559 er
356 1506 449 1578 parter
463 1499 554 1560 altera
577 1501 764 1578 intersaeptis
793 1499 954 1567 itineribus,
981 1516 1070 1577 aegre

115 1580 354 1659 oppidanos-vim
369 1581 498 1642 huetium
515 1583 554 1643 alt
571 1593 763 1654 seeroentee.
796 1583 1069 1653 oumdlomeuiau·
1086 1589 1104 1642 8

113 1663 177 1725 xilli
191 1665 336 1726 adrentus
345 1673 408 1726 tutu
423 1665 538 1728 Camilli
552 1685 662 1730 nomeu
677 1665 907 1732 celeberrimum
923 1666 1002 1744 apud
1015 1665 1069 1729 lto·

113 1754 175 1809 stes
187 1749 345 1826 sooioamre
359 1756 391 1809 et
407 1751 443 1808 ite
460 1751 632 1827 praesentia
650 1767 716 1812 rem
736 1748 905 1813 melittutam
922 1748 1069 1818 sustinuit,

114 1837 144 1892 et
158 1831 294 1908 spatium-
306 1831 345 1890 ad
361 1849 453 1909 opeue
467 1831 625 1894 ferendum
642 1833 730 1894 dedit
762 1834 861 1908 itaque
876 1831 972 1897 diuiso
984 1849 1069 1898 exer·
1086 1831 1104 1884 ⁰

114 1914 175 1974 oitu
189 1912 327 1974 Camillus
342 1913 487 1991 collegam
498 1915 529 1974 in
542 1933 606 1978 eam
617 1923 732 1994 partem
747 1915 957 1978 oeeunrduetie
966 1915 1069 1994 oopiis,

115 2012 204 2074 quarn
217 1995 318 2058 hostes
333 1996 489 2068 urebant,
509 2000 628 2060 noenia
641 1999 762 2076 adgredi
779 1997 877 2069 iubet,
901 2016 961 2060 uon
977 2005 1036 2060 tam
1052 2015 1071 2058 a

114 2096 167 2158 spe
178 2078 266 2142 soelis
278 2081 347 2159 capi
357 2079 464 2142 noem
474 2099 571 2159 posse,
586 2099 675 2160 quam
684 2089 718 2142 ut
728 2083 838 2144 auersis
849 2101 884 2144 eo
895 2080 1029 2152 hostibus
1040 2087 1071 2144 et

114 2163 342 2241 oppidanisiem
352 2164 513 2243 pugnando
523 2165 608 2228 ieseis
619 2164 769 2226 laxaretur
777 2163 871 2236 labor,
884 2173 913 2226 et
925 2167 991 2244 ipse
1001 2182 1068 2244 spa-

114 2248 186 2307 tium
202 2247 416 2316 iuuandisino
426 2249 588 2310 oertemiue
603 2249 721 2310 moenia
737 2246 868 2309 heberet
901 2249 980 2325 quod
1001 2265 1069 2310 cum
1086 2252 1120 2306 to

112 2329 198 2412 droul
224 2333 373 2408 utrimque
395 2331 504 2393 iactum
519 2341 609 2400 esset,
626 2347 794 2409 auoepsque
809 2339 908 2405 terror
928 2331 1068 2394 Etruscos

113 2415 332 2484 eircumstaoet,
357 2423 387 2476 et
413 2417 530 2474 moenie
558 2431 672 2477 summa
698 2415 726 2472 vi
749 2415 917 2491 oppugnari
943 2421 972 2474 et
990 2417 1068 2474 intra

112 2497 230 2556 moenio
254 2515 320 2556 esse
338 2497 453 2556 hostem
474 2497 622 2565 viderent,
643 2503 728 2573 porte
743 2514 791 2565 se,
813 2514 889 2572 quae
911 2515 971 2566 uua
990 2497 1068 2558 forto

112 2593 173 2636 nou
184 2576 390 2648 obsidebatur,
407 2577 724 2655 nepidnunoagnme
732 2580 856 2640 eiecere.
883 2596 989 2656 magne
1001 2595 1067 2639 cae·
1086 2578 1118 2632 ll

112 2660 164 2722 des
185 2661 405 2739 lingiontmmet
423 2663 455 2720 in
474 2660 551 2722 uulte
565 2668 595 2724 et
615 2679 670 2739 per
685 2679 773 2738 agree
791 2669 835 2722 est
849 2661 934 2725 laete
966 2659 1068 2740 plures

17 2799 19 2818 ξ
113 2743 286 2806 tellerianis
301 2745 379 2806 intra
396 2748 518 2806 moenia
531 2746 624 2813 eaesi3
647 2744 794 2806 Valeriani
817 2745 1014 2822 expeditiores
1031 2744 1067 2807 ed

112 2828 332 2906 persequendos
352 2829 437 2890 fuero
455 2845 512 2890 neo
533 2836 606 2893 auto
622 2837 753 2898 nectem,
776 2846 851 2907 quae
875 2835 1068 2906 conspectum

112 2911 233 2983 ademit,
252 2913 341 2974 tinem
362 2912 505 2974 oaerleudi
524 2913 632 2976 iecere.
664 2913 762 2974 Sutrio
779 2919 901 2991 recepto
917 2913 1067 2972 restituto·
1086 2920 1119 2971 12

113 3010 169 3071 que
186 2997 273 3056 sociis
290 2995 400 3073 Nepete
417 2999 564 3061 exereitus
578 2997 697 3065 duetus,
720 2996 798 3072 quod
813 3014 868 3074 per
887 2995 1066 3064 deditionem

113 3085 265 3156 aoeepttun
281 3079 579 3144 tomtotomltuueoi
595 3077 751 3140 habebant.

172 3161 208 3222 X.
237 3160 402 3224 Videbatur
414 3162 528 3239 plus-in
546 3161 672 3232 ea-urbe
692 3162 862 3240 recipienda
877 3161 989 3224 laboris
1002 3163 1066 3226 iore

111 3263 171 3306 non
188 3244 292 3325 [inleo
305 3244 568 3322 solumquodtuta
579 3248 708 3308 hostium
724 3255 802 3317 erat,
817 3246 869 3308 sed
887 3250 974 3316 etiam
988 3245 1067 3324 quod

112 3337 193 3406 parte
208 3329 428 3408 Nepesinorum
445 3331 589 3409 medente
608 3332 752 3392 civitatem
775 3330 851 3392 laeta
868 3339 931 3392 erat
947 3327 1065 3398 deditio.

114 3413 185 3472 mitti
201 3421 300 3476 umen
313 3413 515 3494 adpriueipes
528 3431 633 3478 eorum]
644 3413 770 3493 placuit,
784 3421 818 3474 ut
829 3421 1023 3477 secernerent
1034 3432 1067 3474 se
1083 3419 1103 3469 2

145 3525 170 3560 r.
184 3526 245 3563 urm
257 3526 326 3563 raes
339 3527 358 3562 1.
859 3502 899 3563 21
917 3537 921 3541 ·
