2534 3956
277 171 372 213 mnne
388 171 431 214 ιι.
457 171 528 213 ose.
544 164 588 218 δι.
605 164 649 218 33.
682 151 721 235 [a.
738 152 772 214 0·
788 163 848 218 378,
863 151 925 234 377]
1012 161 1076 226 345

23 349 27 406 p
113 322 197 382 xime
218 317 350 398 legiones
368 318 456 398 longa
473 320 613 382 societate
626 317 760 381 militiam
775 318 936 381 Romanam
952 319 1074 386 edoctae

23 447 26 488 ᾖ
116 395 276 465 restabant
316 419 405 480 eques
425 405 563 464 inmissus
584 401 705 466 ordines
722 401 866 473 turbarit,
887 403 1010 466 turbatis
1033 407 1071 466 si·
1089 419 1110 470 8

23 531 25 572 ‚
115 505 173 565 gna
188 486 319 565 peditum
333 485 439 556 inlata,
456 494 656 563 quantumque
667 485 799 546 Romana
814 503 847 546 se
860 487 970 548 invexit
983 491 1071 560 acies,

114 576 228 630 tantum
248 568 347 631 hostes
367 569 460 648 gradu
483 569 601 631 demoti
639 576 669 630 et
683 576 717 629 ut
736 567 828 632 semei
844 569 995 630 inclinavit
1017 590 1072 650 pu-

113 670 187 731 gna,
212 653 271 712 iam
289 651 485 714 intolerabilis
499 653 631 714 Romana
651 652 694 714 vis
708 661 780 715 erat
812 651 870 714 iusi
884 652 985 716 hostes
1003 665 1108 718 cumb

114 737 276 806 Satricum,
299 737 378 812 quod
399 737 457 796 duo
475 734 556 797 milia
570 736 640 797 inde
658 732 774 806 aberat,
795 753 858 797 non
878 744 975 797 castra
988 745 1071 815 pete-

113 826 197 888 rent,
220 815 256 879 ab
278 821 376 897 equite
396 821 522 881 maxime
543 820 631 880 caesi.
666 825 761 880 castra
782 827 866 898 capta
888 820 1070 898 direptaque.

115 901 149 970 u
166 902 278 964 Satrico
296 909 400 974 nocte,
415 919 490 980 quae
500 902 615 983 proelio
635 905 770 981 proxima
787 902 856 974 tuit,
877 903 964 982 fugae
983 903 1071 964 simili
1090 909 1125 962 to

113 987 231 1063 agmine
247 993 352 1063 petunt
362 986 495 1056 nntium
514 996 544 1047 et
560 1004 627 1046 cum
642 986 792 1048 Romanus
811 989 959 1048 exercitus
976 1004 1071 1066 prope

112 1070 241 1146 vestigiis
260 1076 450 1146 sequeretur,
471 1068 538 1146 plus
551 1076 651 1128 tamen
667 1071 756 1129 timor
772 1086 859 1146 quam
873 1071 918 1129 ira
933 1069 1070 1131 celerita-

111 1154 150 1212 tis
171 1151 284 1212 habuit
312 1153 396 1230 prius
415 1153 514 1228 itaque
535 1153 652 1213 moenia
674 1153 821 1212 intravere
845 1151 961 1223 hostes,
982 1171 1069 1229 quam
1090 1163 1121 1214 11

111 1235 262 1295 Romanus
290 1242 420 1297 extrema
449 1235 573 1312 agminis
601 1252 725 1313 carpere
753 1242 802 1295 ant
824 1237 937 1296 morari
959 1246 1068 1314 posset

110 1318 181 1380 inde
200 1317 313 1396 aliquot
335 1317 399 1379 dies
418 1318 558 1380 racundo
579 1335 650 1395 agro
671 1317 834 1396 absumpti,
856 1336 913 1380 nec
929 1319 1070 1381 Romanis

111 1403 182 1462 satis
201 1402 353 1462 instructis
378 1409 520 1479 apparatu
539 1399 647 1463 bellico
674 1400 710 1461 ad
732 1403 847 1462 moenia
871 1401 1071 1480 adgredienda

110 1501 167 1546 nec
182 1483 240 1545 illis
255 1484 292 1544 ad
307 1483 493 1546 subeundum
508 1502 626 1564 pugnae
642 1502 751 1545 casum.

173 1567 301 1628 XXXIII.
331 1568 441 1630 Seditio
456 1576 519 1629 tum
533 1569 611 1630 inter
622 1567 752 1629 Antiates
763 1568 941 1644 Latinosque
958 1575 1069 1639 coorta,
1090 1573 1103 1624 1

111 1668 179 1712 cum
194 1651 325 1714 Antiates
346 1653 415 1712 victi
434 1651 519 1713 malis
540 1650 712 1728 subactique
726 1649 821 1720 bello,
845 1652 876 1709 in
892 1667 950 1727 quo
966 1657 995 1712 et
1009 1651 1070 1710 nati

114 1742 200 1797 crant
211 1741 240 1796 et
254 1743 489 1804 consenuerant,
507 1735 685 1796 deditionem
699 1739 881 1811 spectarent,
900 1733 1019 1794 Latinos
1034 1753 1070 1794 ex
1087 1742 1107 1790 2

111 1817 224 1878 diutina
240 1834 314 1894 pace
328 1834 403 1877 nova
418 1816 544 1878 defectio
562 1815 733 1878 recentibus
747 1816 843 1877 adhuc
864 1817 970 1876 animis
989 1815 1069 1876 iero·

111 1901 210 1960 ciores
232 1899 269 1960 ad
282 1899 532 1977 perseverandum
550 1901 582 1959 in
603 1897 683 1960 bello
698 1899 818 1960 iaceret.
846 1900 914 1960 finis
934 1901 1069 1960 certami-

110 1984 157 2044 nis
177 1983 247 2052 iuit,
277 1990 433 2060 postquam
456 1985 590 2060 utrisque
622 1983 758 2061 apparuit
785 1980 859 2042 nihil
882 1999 938 2060 per
960 1981 1070 2044 alteros

110 2073 205 2136 stare,
221 2082 280 2143 quo
298 2067 396 2126 minus
410 2067 528 2143 incepta
542 2073 803 2143 persequerentur.
833 2065 930 2124 Latini
941 2065 1069 2143 profecti
1085 2071 1104 2123 3

112 2167 128 2209 a
146 2151 287 2210 societate
302 2150 398 2227 pacis,
412 2155 445 2208 ut
459 2147 617 2217 rebantur,
634 2148 807 2208 inhonestae
822 2167 887 2208 sese
903 2149 1068 2208 vindicave-

109 2240 194 2302 runt,
210 2232 341 2293 Antiates
352 2232 547 2292 incommodis
559 2228 679 2290 arbitris
690 2227 862 2288 salutarium
877 2229 1069 2291 consiliorum

109 2317 232 2376 remotis
254 2314 360 2376 urbem
383 2331 529 2392 agrosque
548 2311 688 2373 Romanis
704 2310 822 2372 dedunt
855 2313 900 2372 ira
919 2319 949 2373 et
968 2313 1103 2374 rabiosa

108 2397 295 2468 Latinorum,
313 2399 382 2476 quia
402 2415 459 2458 nec
476 2397 624 2457 Romanos
640 2391 720 2454 bello
737 2392 858 2455 laedere
872 2412 928 2454 nec
945 2395 1068 2456 Vulscos
1127 2454 1129 2458 .

108 2497 241 2540 marmus
252 2483 383 2542 retmere
393 2485 565 2555 potuerant
579 2495 614 2538 eo
627 2478 738 2554 erupit,
749 2483 783 2535 ut
794 2477 940 2538 Satrrcum
950 2476 1067 2549 urbem,

110 2577 187 2638 quoe
209 2556 430 2639 receptaculum
451 2560 580 2638 primum
601 2561 644 2621 eis
664 2558 803 2620 adversae
824 2577 940 2638 pugnae
961 2559 1067 2631 iuerat,

108 2645 172 2722 Igni
187 2649 427 2711 concremarent;
445 2660 501 2703 nec
515 2642 595 2704 aliud
608 2649 719 2704 tectum
737 2644 800 2704 eius
814 2643 960 2722 superfuit
973 2642 1066 2714 urbis,

110 2745 177 2788 cum
189 2726 270 2788 iaces
283 2728 394 2805 pariter
408 2727 501 2787 sacris
515 2726 706 2804 profanisque
720 2727 884 2796 inicerent,
903 2743 990 2804 quarn
1004 2744 1067 2786 ma-

108 2812 162 2871 tris
175 2811 301 2870 Matutae
314 2807 467 2888 templum.
497 2809 566 2870 inde
583 2826 704 2870 cosnec
719 2827 771 2870 sua
786 2807 892 2886 religio
909 2826 965 2870 nec
982 2827 1066 2870 vere·
1083 2819 1103 2869 5

109 2893 216 2953 cundia
239 2892 328 2953 deum
351 2895 482 2954 arcuisse
503 2892 625 2961 dicitur,
656 2892 708 2954 sed
732 2910 787 2953 vox
810 2892 960 2953 horrenda
988 2893 1065 2954 edita

108 2974 219 3054 templo
232 2993 299 3036 curn
310 2975 442 3037 tristibus
453 2978 556 3046 minis,
572 2977 604 3036 ni
618 2976 760 3037 nefandos
771 2977 854 3054 ignes
865 2975 970 3054 procul
982 2974 1065 3037 delu-

108 3058 173 3119 bris
184 3060 368 3120 amavissent
400 3061 539 3119 incensos
557 3076 591 3120 ea
610 3057 693 3119 rabie
707 3061 833 3136 impetus
848 3057 1008 3119 Tusculum
1018 3065 1064 3118 tu·
1082 3065 1102 3117 c

107 3141 143 3202 lit
162 3140 200 3202 ob
222 3143 313 3212 bam,
341 3142 420 3219 quod
441 3141 557 3203 deserto
578 3144 726 3203 communi
747 3140 872 3202 concilio
893 3140 1064 3202 Latinorum

107 3242 169 3286 non
183 3225 215 3284 in
231 3225 401 3286 societatem
416 3224 505 3285 modo
520 3224 683 3286 Romanam
698 3225 750 3286 sed
766 3221 853 3286 etiam
870 3225 903 3284 in
920 3225 1063 3286 civitatem

107 3327 139 3370 se
155 3307 312 3370 dedissent
344 3306 511 3390 patentibus
525 3310 619 3386 portis
635 3326 702 3368 cum
716 3309 866 3386 inproviso
881 3308 1063 3378 incidissent,
1082 3313 1098 3361 ⁷

106 3393 202 3470 primo
224 3391 353 3454 clamore
377 3390 520 3471 oppidum
539 3398 657 3471 praeter
679 3408 778 3452 arcem
800 3397 917 3470 captum
943 3400 994 3453 est
1031 3392 1063 3450 in
