2534 3956
151 224 153 227 -
227 199 290 261 256
447 213 542 255 ursus
559 213 588 256 v.
615 204 729 256 csn.1·
759 196 800 265 [a.
815 211 845 252 1¹·
862 211 888 253 ὓ·
904 196 967 266 ³51]

227 359 307 411 Gallis
319 361 400 409 Roma
412 369 485 426 capta
496 368 543 410 est.
567 359 657 412 Furius
671 357 806 418 Camillus,
824 373 880 408 cum
899 359 921 407 ei
934 359 989 408 dies
1007 357 1059 408 al..
1072 358 1185 423 Apuleio

226 427 329 477 tribuno
352 426 434 491 plebis
456 427 524 476 dicto
540 433 621 485 esset,
639 427 666 474 ln
684 425 789 475 exilium
810 427 882 476 abiit.
913 439 969 474 cum
987 423 1051 474 Galli
1069 424 1185 476 Senones

229 493 342 544 clusium
355 493 512 553 obsiderent,
531 501 556 542 et
566 491 642 557 legati
654 505 670 540 a
682 500 770 542 senatu
788 492 859 542 missi
870 493 903 542 ad
915 492 1107 556 conponendam
1119 492 1186 542 inter

229 574 273 610 eos
286 569 311 608 et
323 559 439 610 Glusinos
469 573 538 609 acem
549 565 693 624 pugnantes
705 568 792 609 eontra
804 557 888 608 Gallos
907 559 933 607 in
951 558 1006 606 acie
1023 557 1184 609 Clusinorum

228 627 370 688 stetissent,
382 625 431 676 lico
443 575 509 676 Acte
522 640 609 675 eorum
620 625 738 674 concitati
747 624 861 675 Senones
870 625 959 675 urbem
966 624 1058 675 infesto
1071 624 1185 675 exercitu

227 693 367 758 petiensut,
386 692 501 756 fusisque
512 693 545 743 ad
556 691 639 742 Alium
657 692 777 741 Romanis
795 705 884 757 cepere
895 691 983 741 urbem
995 699 1095 756 praeter
1108 689 1184 756 Capi-

225 759 324 820 tolium,
336 774 386 824 quo
399 773 427 809 se
435 760 552 809 inventus
561 759 715 818 contuleram
727 758 835 807 maiores
845 767 906 808 natu
915 773 972 806 cnm
985 757 1127 823 insignibus
1136 757 1184 808 bo·

227 839 331 886 norum,
348 839 412 889 quos
424 826 530 889 quisque
546 835 672 890 gesserat,
689 825 717 874 in
727 824 860 874 vestibulis
872 825 972 874 sedium
986 825 1104 875 sedentes
1116 825 1183 875 ocei-

228 890 329 942 derunt.
347 900 438 952 etcum
446 906 492 956 per
500 905 614 940 aversani
623 899 720 954 partem
731 890 846 956 Capitolii
857 891 905 940 iam
917 892 943 940 in
952 905 1078 940 summum
1087 891 1184 942 evasis-

228 965 297 1017 sent,
314 957 407 1023 proditi
424 959 540 1024 clangore
556 971 674 1007 anserum
691 959 730 1008 M.
742 957 828 1008 Manlii
846 959 981 1023 praecipue
998 971 1075 1023 opera
1091 958 1185 1008 deiecti

226 1032 296 1076 sunt.
316 1025 409 1075 coactis
417 1024 509 1074 deinde
520 1033 622 1090 propter
632 1025 726 1074 semem
734 1024 855 1074 Romanis
866 1039 895 1074 eo
906 1025 1067 1084 descendere,
1080 1033 1108 1074 ut
1115 1025 1185 1075 mille

226 1092 312 1158 pondo
330 1093 384 1142 auri
402 1093 491 1143 darent
502 1101 528 1141 et
543 1091 590 1141 lrcc
607 1092 687 1156 pretio
705 1091 781 1141 flnem
799 1091 939 1142 obsidionis
951 1100 1075 1151 emerent,
1092 1091 1185 1142 Furius

228 1159 347 1210 Camillus
357 1159 463 1210 dictator
472 1160 565 1210 absens
572 1167 670 1207 creatus
682 1159 838 1224 interipsum
848 1159 1007 1222 conloquium
1017 1195 1024 1216 ,
1035 1172 1084 1220 qno
1095 1157 1128 1208 de
1135 1173 1183 1223 pa-

225 1226 263 1275 cis
271 1225 461 1278 condicionibus
469 1227 597 1291 agebatur,
608 1239 664 1274 cum
675 1224 786 1274 exercitu
793 1226 871 1285 venit,
885 1234 910 1274 et
920 1223 1003 1274 Gallos
1016 1233 1073 1290 post
1082 1233 1184 1276 sextum

226 1307 340 1344 mensem
351 1295 413 1344 urbe
429 1292 527 1358 expulit
543 1292 693 1355 ceciditque.
717 1292 810 1341 dictum
829 1299 868 1342 est
884 1293 917 1341 ad
928 1292 1006 1340 Veios
1024 1292 1185 1356 migrandum

224 1373 284 1408 esse
300 1360 542 1424 propterinoensam
560 1367 584 1407 et
596 1359 704 1408 dimtam
720 1359 822 1417 urbem3
840 1359 909 1422 quod
925 1357 1058 1408 consilium
1077 1357 1183 1408 Camilla

223 1433 327 1476 auctore
339 1427 482 1476 discussum
496 1433 542 1475 est.
563 1425 641 1474 movit
655 1424 778 1489 populum
787 1425 856 1475 vocis
870 1439 970 1488 quoque
985 1438 1059 1474 omen
1074 1439 1108 1475 ex
1123 1440 1183 1474 cen·

223 1492 325 1542 tutione
335 1491 447 1552 auditae,
459 1491 503 1556 qui
514 1505 571 1541 cnm
581 1492 609 1540 in
620 1490 703 1540 iorum
714 1492 826 1541 venisset
834 1492 1031 1557 manipularibus
1043 1492 1096 1542 suis
1109 1493 1182 1542 dixe·

225 1567 264 1607 ret
275 1566 333 1617 „ste
341 1557 427 1619 miles,
439 1557 480 1608 hic
494 1557 588 1622 optime
599 1558 788 1607 manebimus.“
811 1558 887 1608 aedes
900 1559 954 1608 lovi
966 1556 1105 1623 Capitolino
1117 1559 1184 1609 iacta

223 1632 276 1685 est,
289 1625 358 1688 quod
370 1634 427 1674 ante
439 1625 528 1674 urbem
540 1631 639 1689 captu·
651 1637 703 1673 vox
714 1623 800 1674 andita
812 1634 864 1674 erat
875 1625 1011 1674 adventare
1023 1623 1119 1676 Gellos.

338 1862 413 1936 ΤΙΤΙ
437 1874 510 1936 Livi
531 1873 578 1934 AB
601 1871 701 1936 URBE
724 1873 885 1936 CONDITA
907 1872 1018 1935 LIBER
1038 1875 1070 1934 V.

190 2035 205 2086 1
285 2026 307 2086 l.
329 2027 406 2086 Pace
434 2025 505 2086 alibi
523 2032 624 2104 perata
641 2026 769 2088 Romani
784 2027 907 2105 Veiique
927 2028 960 2086 in
980 2027 1070 2087 armis
1098 2037 1182 2087 erant

223 2115 302 2169 tanta
316 2108 361 2168 ina
377 2109 519 2186 odioque,
535 2117 568 2169 ut
581 2110 665 2170 victis
675 2109 764 2171 finem
778 2108 882 2171 adesse
895 2116 1061 2188 appareret.
1090 2112 1182 2170 comi·

185 2201 205 2252 2
222 2193 262 2252 tia
276 2192 430 2268 utriusque
444 2190 548 2269 populi
559 2189 647 2270 longe
663 2191 777 2254 disemo
794 2193 908 2254 natione
924 2195 1000 2253 iacta
1016 2199 1093 2253 snut.
1122 2192 1181 2253 Ro·

222 2275 301 2335 mani
317 2291 426 2336 auxere
441 2273 629 2336 tribunorum
645 2273 771 2336 militum
792 2274 941 2336 consulari
964 2283 1108 2354 potestate
1123 2293 1180 2335 nu·

221 2375 351 2419 merum:
375 2365 456 2428 octo,
478 2364 551 2436 quot
571 2367 732 2435 numquam
749 2364 832 2419 autea
849 2360 957 2429 oresti,
976 2357 1023 2419 Μ’.
1038 2358 1178 2421 Aemilius

222 2441 388 2503 Mamercus
408 2444 515 2502 iterum
531 2441 563 2502 L.
583 2440 716 2502 Valerius
736 2441 849 2502 Potitus
869 2443 990 2503 tertium
1011 2442 1065 2520 Ap.
1095 2442 1179 2505 Clau·
1246 2439 1247 2461 ¹

222 2525 288 2586 dius
312 2526 433 2587 Crassus
447 2525 490 2586 bl.
506 2522 681 2593 Quinctilius
697 2525 790 2586 Varus
805 2524 837 2585 L.
861 2523 951 2586 lulius
966 2524 1047 2587 Iulus
1068 2525 1107 2586 Μ.
1123 2526 1178 2586 Ρο-

184 2610 344 2669 tetumius
355 2609 392 2669 Μ.
416 2609 524 2670 Furius
548 2602 741 2670 Camillus'ii.
768 2608 936 2669 Postumius
959 2607 1091 2670 Albinus.
1123 2609 1177 2670 Ve-
1243 2607 1244 2610 ’

221 2693 315 2753 lentes
336 2698 438 2752 contra
460 2691 557 2753 taedio
580 2709 694 2752 annuae
716 2689 900 2762 ambitionis,
930 2708 1005 2770 quae
1029 2693 1177 2755 interdum

222 2775 436 2836 &cordarum
452 2791 540 2855 cqusa
555 2781 633 2843 erat,
647 2791 750 2852 regem
765 2791 913 2838 creavere.
944 2775 1066 2837 offendit
1080 2794 1114 2838 ea
1128 2793 1176 2837 res

221 2856 399 2936 populorum
413 2856 549 2919 Etruriae
565 2859 679 2919 animos
693 2874 754 2918 non
770 2859 882 2920 maiore
904 2858 972 2920 odio
989 2861 1075 2937 regni
1089 2876 1175 2937 quam

182 2953 203 3002 4
220 2942 313 3018 ipsius
327 2941 414 3018 regis.
442 2941 539 3018 gravis
558 2943 617 3001 iam
640 2941 667 3002 Is
687 2948 771 3002 antes
790 2944 870 3020 genti
886 2941 983 3003 iuerat
1005 2942 1113 3021 opibus
1127 2958 1174 3003 su·

219 3023 397 3103 perbiaque,
413 3025 482 3103 quia
496 3022 650 3086 sollemnia
666 3024 819 3095 ludorum,
835 3042 909 3103 quos
924 3027 1079 3087 intermitti
1093 3025 1175 3088 nefas

184 3121 201 3170 5
220 3115 277 3178 est,
294 3107 437 3176 violenter
449 3108 628 3179 diremisset,
644 3126 711 3169 oum
722 3106 760 3168 ob
772 3110 848 3168 bam
856 3108 1009 3187 repulsae,
1022 3110 1102 3185 quod
1114 3109 1173 3170 sui·

218 3193 313 3270 fregio
333 3192 488 3253 duodecim
509 3191 688 3270 populorum
714 3191 789 3253 alius
810 3193 949 3254 sacerdos
977 3194 1005 3254 ei
1027 3191 1173 3270 praelatus

220 3283 311 3345 esset,
323 3276 464 3347 artifices,
480 3292 607 3352 quorum
621 3293 726 3354 magne
739 3293 809 3353 pars
823 3277 917 3355 ipsius
931 3277 1121 3344 servierant,
1139 3293 1172 3335 ex

181 3358 315 3419 emedio
332 3357 446 3419 ludicro
467 3366 590 3438 repente
607 3359 735 3420 abduxit.
767 3375 839 3436 gens
862 3361 961 3437 itaque
981 3365 1049 3420 ante
1070 3376 1172 3420 omnes

218 3437 289 3503 alias
304 3458 339 3500 eo
350 3442 442 3519 magis
454 3443 549 3503 dedita
561 3441 767 3520 religionibus,
785 3443 863 3518 quod
880 3441 1037 3505 excelleret
1047 3451 1111 3504 erte
1122 3459 1159 3504 co
