2580 3954
208 207 270 274 172
383 221 478 262 nmen
495 221 542 262 111.
570 219 641 262 car.
657 211 700 266 m.
716 213 759 265 50.
789 199 828 285 [c.
843 223 872 262 u.
890 223 914 262 c.
930 204 992 278 aot]

208 367 338 431 consiliis
364 377 451 448 atque
473 371 609 431 exomni
631 379 714 448 parte
736 370 927 432 adsentiendo
948 368 1047 430 multis
1063 379 1169 432 aucte-

174 453 292 514 tribus
312 455 523 532 trepidaverat;
547 461 679 514 senatum
699 463 849 533 postremo
873 455 972 514 vocari
998 455 1092 514 iussit.
1129 473 1168 516 ca

153 554 158 566 ⁴
206 555 270 606 res,
292 536 371 614 quod
393 555 516 615 magnae
545 540 621 614 parti
642 547 758 616 patrum
781 535 938 616 displicere
962 545 1026 597 acta
1046 537 1168 598 decem·

207 622 338 681 virorum
356 621 544 691 videbantur,
563 638 615 699 spe
630 639 683 699 per
699 628 832 682 senatum
847 620 993 683 liniendae
1011 621 1169 699 potcstatis

173 713 189 767 Β
207 705 271 765 eius
282 703 498 766 multitudinem
505 695 628 766 *sedavit
654 713 773 766 senatus
784 723 839 774 nec
853 704 972 782 plebem
986 704 1168 765 inritandam

209 790 326 849 censuit
336 797 365 850 et
376 788 467 848 multo
482 789 574 866 magis
589 789 818 866 providendum,
834 789 955 866 nequid
970 788 1102 866 Verginii
1112 787 1168 848 ad·

207 881 311 934 ventus
325 873 356 932 in
374 873 506 933 exercitu
523 881 620 932 motus
636 872 758 934 iaceret.

175 968 189 1018 1
270 955 302 1016 L.
330 955 432 1032 Itaque
449 957 532 1016 missi
547 957 679 1018 iuniores
694 965 811 1034 patrum
833 959 864 1016 in
880 967 992 1026 casua,
1010 966 1168 1035 quactum

206 1042 238 1098 iu
250 1048 349 1100 monte
367 1039 477 1100 Vecilio
496 1048 595 1110 erant,
610 1043 746 1102 nuntiant
760 1041 949 1110 decemviris,
964 1050 997 1100 ut
1011 1042 1092 1100 omni
1106 1057 1168 1117 opc

173 1121 244 1184 aab
269 1122 414 1184 seditione
432 1121 540 1185 milites
561 1127 739 1186 contineant.
769 1123 811 1184 ibi
834 1124 989 1201 Verginius
1010 1125 1164 1192 maiorem,

173 1215 190 1268 3
208 1224 296 1284 quam
317 1205 480 1284 reliquerat
499 1209 531 1268 in
553 1208 643 1279 urbe,
664 1216 776 1270 motum
798 1209 911 1268 excivit.
946 1225 1014 1267 nam
1030 1216 1178 1284 praeter·-

208 1307 295 1366 quam
323 1291 402 1367 quod
428 1293 544 1368 agmine
569 1309 663 1370 prope
702 1293 984 1369 quadringentorum
1010 1289 1166 1351 hominum

208 1375 343 1444 veniens,
360 1375 411 1451 qui
425 1373 460 1434 ab
479 1375 554 1436 urbe
571 1375 743 1454 indignitate
757 1377 803 1436 rei
820 1377 939 1435 accensi
950 1377 1072 1435 comites
1088 1375 1117 1434 ci
1131 1392 1165 1435 se
1256 1383 1262 1390 '

208 1458 365 1527 dederant,
390 1465 565 1537 conspectus
585 1467 643 1528 est,
666 1461 801 1519 strictum
823 1461 910 1519 etiam
930 1458 1022 1519 telum
1045 1475 1165 1535 resper-

208 1557 317 1618 susque
340 1543 405 1618 ipse
427 1558 534 1600 cruore
558 1549 616 1601 tota
630 1544 661 1600 in
678 1560 711 1602 sc
728 1551 824 1604 castra
845 1544 998 1602 conuertit.
1028 1548 1058 1602 et
1077 1552 1165 1618 togae

208 1622 397 1684 multifariam
416 1625 448 1683 in
472 1625 576 1684 castris
596 1627 675 1685 u'sae
691 1627 812 1686 maioris
831 1625 980 1701 aliquanto
996 1641 1085 1702 quarn
1100 1635 1166 1684 erat

174 1709 338 1785 especiem
365 1705 497 1768 urbanae
529 1706 738 1776 multitudinis.
757 1708 898 1770 lecerunt.
943 1705 1164 1786 quaerentibus,

209 1792 279 1868 quid
299 1794 346 1852 rei
369 1798 461 1862 esset,
482 1790 558 1852 ssens
582 1791 632 1853 diu
652 1809 755 1853 vocem
775 1810 835 1853 non
861 1793 954 1860 rnisit;
976 1791 1111 1858 tandem,
1132 1801 1168 1850 ut

208 1877 267 1935 iam
281 1893 316 1936 ex
330 1875 525 1953 trepidatione
538 1879 778 1937 concurrentium
786 1874 873 1936 turba
886 1875 1016 1950 constitit
1026 1893 1060 1934 ac
1074 1873 1165 1935 silen-

174 1974 190 2023 5
207 1961 282 2019 tium
297 1959 366 2030 luit,
388 1959 493 2020 ordine
505 1968 610 2020 cuncta
627 1968 659 2020 ut
678 1969 758 2037 gesta
776 1967 861 2026 erant
872 1960 1014 2036 exposuit.
1044 1960 1165 2037 supinas

209 2042 315 2103 deinde
332 2044 457 2104 tendens
472 2061 576 2104 manus
588 2043 792 2104 conmilitones
813 2041 964 2120 appellans
979 2039 1096 2112 orabat,
1116 2059 1168 2115 ne,

174 2139 191 2191 c
209 2127 288 2203 quod
309 2126 406 2188 scelus
421 2128 496 2205 Appi
513 2127 614 2188 Claudi
629 2137 721 2196 esset,
743 2126 801 2189 sibi
818 2124 1037 2194 adtribuerent,
1060 2143 1120 2186 neu
1133 2143 1165 2186 se

209 2216 241 2269 ut
257 2210 436 2287 parricidam
451 2209 579 2271 liberum
591 2218 806 2272 aversarentur.
841 2209 899 2270 sibi
912 2211 1000 2270 sitam
1020 2207 1098 2270 filiae
1112 2227 1165 2269 sua

190 2343 193 2348 ,
209 2294 356 2354 cariorem
370 2293 476 2364 tuisse,
495 2295 520 2355 si
534 2289 646 2356 liberae
663 2313 697 2356 ac
711 2294 837 2373 pudicae
852 2295 949 2354 vivere
964 2292 1078 2356 licitum
1093 2292 1165 2352 luis-

208 2385 267 2436 set:
300 2394 367 2437 cum
386 2377 465 2438 velut
485 2395 599 2439 servam
619 2380 655 2439 ad
675 2386 810 2456 stuprum
832 2379 897 2456 rapi
919 2376 1047 2446 videret,
1069 2384 1165 2436 morte

208 2463 301 2520 amitti
315 2461 420 2522 melius
430 2469 528 2523 ratum
541 2480 629 2539 quam
641 2461 817 2524 contumelia
828 2461 949 2530 liberos,
962 2459 1165 2522 misericordia

174 2557 240 2606 7se
266 2546 298 2604 in
325 2548 455 2623 speciem
477 2544 657 2608 crudelitatis
679 2545 804 2624 lapsum.
841 2563 897 2607 nec
920 2564 952 2606 sc
977 2545 1165 2623 superstitem

207 2627 284 2688 filiae
299 2629 430 2689 lutruum
444 2629 550 2699 luisse,
565 2631 623 2691 nisi
637 2647 720 2708 spem
734 2628 920 2692 ulciscendae
935 2631 1039 2689 mortis
1056 2628 1119 2688 cius
1133 2627 1165 2687 in

208 2710 316 2772 auxilio
340 2711 562 2772 conmilitonum
585 2713 744 2776 habuisset.
778 2713 978 2792 illis,quoque
996 2713 1074 2774 enim
1091 2709 1165 2770 filias

208 2813 328 2856 sorores
352 2798 552 2873 coniugesque
574 2815 654 2868 esse,
682 2815 738 2859 nec
767 2816 834 2859 cum
857 2798 916 2859 lilia
938 2815 990 2860 sua
1012 2795 1165 2856 libidinem

207 2879 283 2955 Appi
303 2878 404 2940 Claudi
420 2881 577 2940 extinctam
601 2899 679 2952 esse,
710 2882 763 2942 sed
785 2899 843 2959 quo
863 2883 1027 2960 inpunitior
1048 2879 1101 2949 sit,
1129 2893 1164 2938 eo

173 2973 191 3024 8
208 2961 428 3024 effrenatiorem
442 2963 517 3024 fore.
551 2963 647 3025 aliena
664 2964 827 3026 calamitate
843 2965 1051 3026 documentum
1066 2961 1165 3023 datum

207 3043 266 3106 illis
281 3045 425 3108 cavendae
440 3045 543 3108 similis
557 3049 693 3110 iniuriae.
723 3049 802 3127 quod
818 3049 856 3110 ad
876 3067 908 3110 se
926 3049 1067 3114 adtineat,
1092 3062 1163 3104 uxo·

207 3147 271 3190 rem
287 3129 343 3190 sibi
360 3131 419 3191 lato
437 3139 583 3208 ereptam,
604 3131 710 3201 liliam,
734 3133 802 3210 quia
820 3150 882 3200 nou
897 3131 974 3192 ultra
995 3129 1101 3208 pudica
1121 3127 1164 3185 vi-

208 3219 290 3272 ctura
305 3215 409 3284 luerit,
432 3217 570 3275 miseram
594 3216 646 3276 sed
666 3215 821 3276 honestam
836 3224 963 3276 mortem
980 3210 1163 3274 occubuisse.

206 3378 343 3439 violentia
356 3382 419 3442 eius
435 3382 539 3443 eodem
553 3401 586 3443 se
603 3383 700 3442 animo
716 3400 802 3444 suum
819 3399 927 3460 corpus
941 3380 1163 3446 vindicaturum,

207 3478 266 3538 quo
280 3463 471 3528 uindicauerit
485 3463 577 3535 tiliae;
601 3467 693 3528 ceteri
710 3465 768 3528 sibi
788 3485 823 3527 ac
837 3464 940 3526 liberis
954 3465 1015 3526 suis
1029 3459 1163 3525 consule·
