2580 3954
19 3501 32 3542 l

271 203 368 248 menn
385 205 428 248 ιν.
458 203 529 248 cae·
545 195 590 250 57·
606 195 648 252 58.
681 187 720 264 [c.
738 185 771 248 G.
787 207 816 248 n.
833 195 894 252 408·
910 187 973 264 dul]
1038 191 1100 256 251

137 370 205 415 cam
218 351 299 423 fore,
322 359 352 414 et
371 352 397 414 si
411 357 529 414 maneat
550 353 582 412 in
604 353 747 416 sententio
770 357 904 422 senatus,
925 351 1100 416 dictatorem

137 443 226 498 nocte
245 436 381 515 proxima
402 435 565 506 dicturum,
590 455 625 496 ac
648 438 675 498 si
699 437 766 514 quis
792 435 957 498 intercedat
979 444 1099 500 senatus

137 518 289 592 consulto,
311 521 484 580 auctoritate
506 538 539 580 se
558 519 623 582 fore
644 527 825 582 contentum.
858 535 917 596 quo
936 519 1014 580 facto
1032 534 1134 586 cumo

135 603 217 664 haud
238 604 406 666 inmeritam
423 601 541 664 laudem
560 605 742 682 gratiamque
763 602 842 682 apud
859 602 955 664 omnis
974 601 1098 674 trrlisset,

136 687 281 749 dictatore
295 686 328 748 Ρ.
345 684 482 748 Cornelio
503 685 597 757 dicto,
621 689 685 766 ipse
704 686 742 748 ab
759 704 795 748 eo
809 687 950 764 magister
967 688 1099 764 equitum

82 845 85 849 ,
136 780 254 832 creatus
271 777 323 831 est.
352 768 487 848 exemplo
505 770 560 831 fuit
576 768 696 849 collegis
714 787 888 848 secumque
905 769 1097 840 intuentibus,

136 871 224 932 quam
240 855 333 932 gratia
348 859 436 932 atque
453 852 550 915 honos
571 857 784 934 opportuniora
803 853 954 916 interdum
969 871 1030 915 non
1046 872 1097 915 cu·

134 936 403 1018 pientibusessent.
428 935 545 998 bellum
555 937 635 1000 haud
646 937 839 1000 memorabile
850 939 914 999 fuit.
936 945 1131 1015 nnoatquet

135 1040 172 1084 eo
188 1020 269 1082 facili
284 1020 399 1101 proelio
416 1023 495 1082 caesi
513 1020 550 1081 ad
564 1022 684 1082 Antim
697 1021 806 1084 hostes.
839 1022 934 1082 victor
950 1023 1096 1083 exorabas

134 1104 330 1184 depopulatas
351 1103 492 1165 Vulscum
513 1121 627 1182 agrum
663 1104 816 1166 castellum
837 1104 874 1166 ad
895 1103 994 1166 lacurn
1008 1105 1095 1165 Fuci·

133 1206 207 1249 num
217 1190 246 1248 vi
257 1193 470 1266 expugnatum,
485 1194 574 1264 atque
585 1189 617 1247 in
632 1205 668 1250 eo
682 1189 740 1248 tria
753 1187 834 1248 milia
844 1187 1000 1248 hominum
1011 1195 1096 1266 capta

135 1272 243 1333 ceteris
261 1269 376 1331 Volscis
393 1270 471 1330 intra
489 1271 605 1331 moenia
627 1269 779 1350 conpulsis
798 1287 854 1331 nec
869 1269 1097 1332 defendentibus

134 1372 231 1434 agam.
265 1353 390 1416 dictator
410 1352 490 1414 ballo
510 1355 550 1413 ita
573 1363 673 1432 gesto,
695 1361 729 1415 ut
749 1361 863 1415 mutum
883 1371 945 1414 non
968 1355 1132 1418 defuisset

133 1439 270 1500 fortunae
283 1437 448 1508 rideretur,
466 1436 605 1498 felicitate
621 1455 709 1516 qnam
723 1436 817 1516 gloria
833 1439 929 1498 maior
943 1439 976 1498 in
990 1437 1096 1499 urbem

133 1521 224 1592 redit,
244 1523 475 1600 magistratuque
496 1539 528 1583 se
551 1521 705 1582 abdicarit.
737 1519 851 1582 tribuni
870 1519 998 1582 militum
1012 1525 1130 1582 men-9

132 1607 214 1667 tione
233 1605 314 1666 nulla
335 1607 522 1666 comitiorum
542 1605 742 1667 consolarium
760 1604 861 1666 habita
884 1638 920 1650 -
947 1605 1036 1666 credo
1056 1603 1094 1664 ob

131 1691 208 1752 iram
222 1689 374 1751 dictatoris
390 1691 482 1752 creati
502 1723 537 1734 -
554 1688 743 1750 tribunorum
758 1688 884 1749 militurn
899 1689 1017 1750 comitia
1033 1688 1094 1750 edi·

132 1780 249 1834 xerunt.
278 1781 343 1834 turn
357 1790 428 1834 rero
442 1775 561 1850 grauior
578 1791 649 1834 cura
669 1772 804 1852 patribus
824 1773 961 1843 incessit,
983 1774 1095 1851 quippe
1113 1777 1147 1829 lo

137 1867 201 1918 cum
216 1856 304 1935 prodi
320 1873 439 1916 cansam
452 1854 489 1915 ab
507 1857 568 1917 suis
584 1863 751 1918 cernerent.
784 1857 883 1933 itaque
899 1857 977 1918 sicut
992 1857 1095 1934 priore
1114 1857 1145 1908 11

133 1956 212 2001 anno
235 1956 291 2018 per
315 1939 537 2016 indignissimos
562 1958 599 2001 ex
622 1939 736 2018 plebeis
763 1939 935 2001 candidatos
961 1941 1094 1999 omnium

133 2024 223 2086 etiam
237 2023 395 2100 dignortmr
409 2022 539 2084 taedium
549 2024 697 2096 fecerant,
712 2025 755 2084 sic
771 2031 836 2084 tum
848 2021 1032 2101 primoribus
1041 2040 1093 2101 pa·

130 2114 212 2169 uum
228 2105 387 2186 splendore
401 2108 554 2185 gratiaque
568 2107 605 2168 ad
619 2107 779 2186 petendum
794 2108 978 2186 praeparatis
994 2107 1094 2166 omnia

129 2190 198 2254 loca
209 2189 379 2260 obtinuere,
391 2207 431 2252 ne
446 2193 494 2250 cui
504 2190 623 2269 plebeio
636 2191 730 2252 aditus
742 2197 828 2253 esset.
852 2197 990 2268 quattuor
1002 2190 1094 2251 creati
1113 2192 1146 2243 12

130 2282 215 2345 sunt,
237 2291 341 2335 omnes
357 2274 417 2333 iam
431 2273 526 2335 functi
540 2293 575 2337 eo
590 2274 722 2345 honore,
742 2273 775 2334 L.
793 2274 901 2334 Furius
916 2271 1093 2335 Medullinus

132 2361 162 2422 C.
184 2357 320 2420 Valerius
342 2355 455 2418 Potitus
475 2357 562 2418 Nurn.
585 2357 694 2418 Fabius
716 2356 879 2418 Vibulanus
901 2357 931 2418 G.
949 2356 1092 2418 Servilius

130 2443 237 2514 Ahala,
260 2440 311 2502 hio
331 2439 460 2501 refectus
478 2443 647 2500 continuato
663 2441 778 2500 bonore
795 2457 863 2499 cum
886 2438 924 2498 ob
946 2438 1019 2500 alias
1033 2441 1092 2498 rir-

132 2533 208 2587 cutes
218 2533 282 2585 tum
296 2521 334 2584 ub
346 2529 498 2583 recentem
508 2523 639 2584 favorem
650 2525 737 2583 unica
748 2521 952 2582 moderatione
963 2527 1091 2599 parturn.

194 2605 290 2668 LVlll.
318 2605 361 2666 Eo
376 2621 454 2666 anno
475 2607 544 2684 quia
564 2613 680 2683 tempus
693 2605 874 2665 indutiarum
894 2621 962 2664 cum
978 2605 1093 2666 Veienti
1111 2602 1126 2653 i

130 2691 242 2773 populo
261 2691 388 2761 exierat,
404 2705 460 2768 per
476 2688 587 2767 legatos
601 2688 773 2766 fetialesque
787 2705 837 2749 res
852 2689 948 2766 repeti
960 2693 1091 2767 coeptae.

132 2774 241 2854 quibus
263 2773 450 2837 venientibus
474 2773 511 2834 ad
537 2773 626 2834 finem
651 2772 757 2851 legatio
785 2772 950 2833 Veientium
976 2770 1093 2831 obviam

131 2860 195 2921 fuit.
228 2861 341 2938 petiere
355 2875 394 2920 ne
410 2859 494 2938 prius
509 2875 597 2936 quarn
613 2859 670 2936 ipsi
685 2863 819 2918 senatum
833 2855 999 2917 Romanum
1014 2855 1091 2916 adis·
1109 2859 1126 2909 2

132 2951 212 3014 sent,
230 2943 316 3004 Veios
332 2943 436 3004 iretur.
469 2942 506 3003 ab
523 2949 627 3004 senatu
644 2943 837 3020 imperatum,
858 2941 927 3016 quia
943 2939 1090 3001 discordia

131 3027 269 3088 intestina
284 3025 455 3086 laborarent
467 3027 619 3096 Veientes,
639 3043 679 3086 ne
697 3043 747 3086 res
762 3024 798 3085 ab
815 3025 852 3085 iis
868 3029 1089 3101 repeterentur:

131 3118 245 3172 tantum
259 3109 332 3171 afuit
347 3115 381 3168 ut
395 3126 430 3169 ex
447 3107 750 3179 incommodoalieno
769 3125 822 3169 sua
840 3108 956 3167 occasio
974 3111 1091 3184 petere·

131 3202 189 3256 tur.
222 3202 252 3257 et
265 3195 298 3254 in
312 3190 427 3254 Vulscis
442 3201 563 3272 accepta
585 3191 683 3254 clades
699 3192 806 3253 amisso
822 3191 986 3267 Verrugine
1003 3206 1090 3267 prae·
1106 3193 1125 3248 3

133 3279 223 3348 sidio;
245 3277 299 3339 ubi
313 3283 427 3336 tanturn
447 3277 627 3356 intempore
647 3277 702 3337 fuit
718 3275 874 3344 momenti,
892 3280 925 3333 ut
941 3289 1008 3334 cum
1021 3290 1090 3351 pre·
1196 3339 1201 3345 ,

134 3363 268 3424 cantibus
282 3377 370 3439 opem
389 3358 546 3431 militibus,
567 3362 619 3438 qui
638 3361 681 3422 ibi
702 3357 847 3420 aVulscis
869 3355 1090 3425 obsidebantur,

134 3448 283 3516 succurri,
309 3446 335 3506 si
358 3449 536 3505 maturatum
561 3451 652 3514 esset,
680 3444 837 3524 puniisset,
862 3441 900 3502 ad
921 3441 951 3502 id
976 3438 1092 3502 venerit
