2534 3956
258 210 261 216 '
336 225 430 266 nunna
447 224 476 264 v.
505 223 576 265 oar.
593 215 635 268 18.
653 215 696 268 19.
720 201 758 284 [a.
776 203 807 266 0.
825 201 887 284 396]
1022 209 1083 270 275

129 375 267 451 gistratus
288 368 339 433 v'os
358 373 405 432 bis
430 373 554 432 comitiis
576 381 676 449 petere
698 373 729 432 in
753 373 957 447 insequentem
975 388 1083 432 annum

129 457 222 517 video.
254 456 306 515 sed
321 458 345 514 si
360 448 488 532 collegas
502 455 620 514 eosdem
636 455 756 516 reficitis
772 455 861 516 etiam
875 470 930 514 usu
945 452 1083 516 meliores
1099 464 1116 510 t

45 564 51 571 ·
128 543 236 609 tactos,
258 557 306 598 me
323 541 383 598 iam
404 555 465 598 non
488 539 614 599 eundem
635 539 687 599 sed
705 537 841 599 umbram
862 553 1029 615 nomenque
1050 538 1082 598 P.

129 624 223 687 Licini
246 621 383 682 relietum
402 622 515 682 videtis.
546 624 623 682 vires
644 623 779 700 corporis
804 621 952 691 adiectae,
978 638 1083 682 sensus

129 705 284 766 oculorum
305 713 392 782 atque
416 705 532 765 aurium
553 704 690 774 hebetes,
719 705 861 765 memoria
881 702 975 773 labat,
1000 705 1082 781 vigor

129 789 218 850 animi
239 787 391 850 obtunsus.
426 805 463 850 en
479 787 583 849 vobis“
602 789 698 866 inquit
719 788 909 858 „iuvenem,“
932 787 1024 848 filium
1040 796 1118 862 ten

101 933 105 940 .
129 891 218 943 nens,
234 873 382 950 ,effigiem
397 879 484 949 atque
499 872 657 948 imaginem
675 872 753 941 eius,
769 888 856 949 quem
870 889 921 932 vos
932 879 1016 932 antea
1030 872 1083 931 tri·

128 957 239 1018 bunum
257 956 381 1017 militum
405 973 439 1016 ex
454 953 542 1034 plebe
562 957 690 1034 primum
711 955 830 1016 lecistis.
857 954 937 1014 bunc
960 972 1015 1032 ego
1038 955 1083 1014 ln·

128 1044 259 1101 stitutum
277 1039 431 1117 disciplina
445 1055 511 1099 mea
530 1040 671 1101 ricarium
687 1055 743 1115 pro
763 1055 810 1099 me
832 1041 876 1098 rei
893 1037 1029 1115 publicae
1045 1039 1082 1099 do

129 1125 271 1202 dicoque,
287 1140 397 1200 vosque
411 1139 536 1199 quaeso,
553 1119 696 1190 Quirites,
712 1118 839 1181 delatum
852 1121 926 1179 mibi
940 1121 1018 1181 ultro
1030 1121 1083 1180 bo·

128 1224 233 1266 ,torem
245 1206 314 1266 buie
326 1207 436 1284 petenti
450 1205 583 1280 meisque
599 1223 654 1283 pro
669 1221 704 1264 eo
719 1203 839 1264 adiectis
849 1204 989 1281 precibus
1000 1221 1082 1263 man·

130 1290 234 1350 detis.“
262 1289 361 1349 datum
384 1289 414 1348 id
430 1289 543 1366 petenti
558 1289 652 1366 patri,
674 1286 808 1363 illiusque
826 1288 890 1347 cius
903 1286 936 1348 P.
952 1286 1083 1348 Licinius
1100 1294 1118 1345 o

128 1371 265 1434 tribunus
280 1371 406 1432 militurn
427 1371 574 1433 consulari
590 1377 732 1450 potestate
748 1388 815 1432 cum
830 1372 884 1440 iis,
906 1387 980 1448 quos
991 1365 1081 1449 'supra

129 1457 318 1534 scripsimus,
342 1455 516 1516 declaratus.
547 1455 671 1516 Titinius
687 1454 893 1533 Genuciusque
903 1453 1015 1515 tribuni
1029 1455 1083 1513 mi·
1102 1464 1116 1512 7

129 1541 212 1600 litum
224 1539 349 1618 proiecti
360 1539 499 1600 adversus
510 1537 639 1599 Faliscos
650 1539 879 1616 Capenatesque,
892 1538 962 1599 dum
970 1536 1082 1599 bellum

129 1627 241 1684 maiore
254 1625 352 1682 animo
370 1630 478 1701 gerunt
494 1639 581 1700 quam
599 1623 738 1691 oonsilio,
756 1623 987 1699 praecipitavere
1003 1639 1036 1682 se
1052 1622 1083 1680 in

128 1707 257 1768 insidias.
286 1707 436 1769 Genucius
450 1713 546 1766 morte
559 1706 682 1765 honesta
700 1706 893 1765 temeritatem
915 1703 999 1765 luens
1016 1714 1083 1764 ante
1101 1711 1118 1762 ⁸

128 1792 212 1866 signa
228 1793 306 1849 inter
320 1791 468 1866 primores
481 1789 599 1849 cecidit:
623 1788 748 1849 Titinius
769 1791 800 1847 in
816 1787 927 1848 editum
940 1786 1083 1847 tumulum

130 1891 165 1932 ex
185 1871 275 1931 multa
297 1872 492 1949 trepidatione
511 1869 651 1930 militibus
676 1870 805 1932 collectis
828 1872 921 1930 aciem
946 1871 1082 1939 restituit,

128 1972 185 2015 neo
198 1972 231 2016 se
243 1963 342 2014 tamen
357 1971 451 2032 aequo
467 1953 532 2015 loeo
546 1954 624 2014 hosti
640 1955 793 2015 commisit
822 1953 889 2032 plus
905 1954 1083 2031 ignominiae
1101 1961 1118 2013 9

129 2047 192 2098 erat
209 2055 296 2116 quam
315 2036 406 2098 eladis
423 2045 592 2115 acceptum,
609 2055 685 2116 quae
697 2054 792 2115 prope
806 2039 837 2098 in
853 2037 966 2098 cladem
980 2037 1082 2115 ingen·

127 2131 189 2182 tem
203 2123 303 2182 vertit:
319 2128 431 2182 tantum
451 2121 521 2182 inde
540 2122 665 2182 terroris
685 2137 745 2180 non
760 2120 870 2182 Romae
895 2120 999 2190 modo,
1024 2136 1082 2196 quo

129 2204 281 2283 multiplex
295 2206 372 2265 lama
393 2213 583 2282 pervenerat,
607 2204 659 2265 sed
674 2205 705 2263 in
720 2206 823 2265 castris
839 2221 958 2283 quoque
975 2203 1030 2263 luit
1046 2204 1082 2263 ad

128 2288 223 2349 Veios.
259 2305 346 2365 aegre
367 2287 410 2348 ibi
430 2287 515 2350 miles
535 2295 667 2349 retentus
688 2305 703 2346 a
724 2287 793 2364 luga
814 2295 874 2358 est,
897 2305 965 2348 cum
981 2303 1082 2366 perva-
1103 2295 1134 2346 10

128 2373 214 2433 sisset
236 2380 330 2433 casua
351 2389 453 2432 rumor
474 2370 599 2432 ducibus
625 2373 814 2447 exercituque
836 2387 922 2432 caeso
942 2371 1082 2431 victorem

129 2455 303 2532 Capenatem
326 2473 360 2514 ac
381 2454 527 2515 Faliscum
547 2453 740 2529 Etruriaeque
764 2469 881 2513 ornnem
904 2455 1082 2513 inventutem

128 2537 205 2596 haud
221 2535 326 2613 procul
340 2537 409 2597 inde
423 2535 535 2596 abesse.
566 2536 613 2595 bis
634 2534 857 2596 tumultuosiora
872 2535 1000 2604 llonrae,
1023 2536 1082 2594 iam
1101 2543 1132 2593 11

129 2627 223 2679 castra
245 2619 281 2679 ad
301 2619 388 2680 Veios
407 2621 586 2697 oppugnari,
607 2621 665 2678 iarn
680 2628 795 2696 partem
814 2613 942 2680 bostium
960 2617 1083 2679 tendere

129 2702 164 2762 ad
181 2700 286 2764 urbem
306 2703 422 2780 agmine
441 2703 548 2762 infesto
570 2702 771 2768 crediderant;
794 2719 1030 2778 concursumque
1051 2704 1082 2760 in

128 2803 229 2846 muros
245 2795 303 2856 est,
320 2795 349 2848 et
363 2794 580 2855 matronarum,
598 2802 671 2863 quas
688 2803 724 2846 ex
738 2786 826 2844 dcmc
842 2786 1009 2846 conciverat
1028 2800 1083 2862 pu-

128 2867 223 2930 blicus
243 2886 350 2947 pavor,
372 2868 592 2931 obsecrationes
613 2871 645 2929 in
661 2867 780 2946 templis
796 2869 904 2938 iactae,
929 2867 1133 2946 precibus-12

128 2970 186 3028 que
202 2950 239 3012 ab
253 2953 297 3013 dis
312 2956 449 3030 petitum,
467 2961 500 3013 ut
516 2953 636 3013 exitium
652 2951 688 3012 ab
707 2951 790 3013 urbis
809 2954 894 3013 tectis
908 2951 1082 3030 templisque

128 3053 163 3095 ac
179 3035 334 3096 moenibus
348 3036 487 3096 Romanis
510 3045 647 3096 arcerent
668 3037 812 3112 Veiosque
836 3053 901 3095 eum
919 3043 1084 3094 averterent

127 3127 290 3187 terrorem,
316 3120 341 3178 si
362 3136 445 3179 saera
471 3127 607 3179 renovata
632 3119 705 3186 rite,
730 3119 754 3176 si
772 3124 928 3196 procurata
948 3116 1082 3194 prodigia

129 3211 236 3263 essent.

189 3284 264 3346 XlX.
299 3284 361 3345 lam
381 3283 444 3345 ludi
463 3283 641 3363 Latiumque
662 3286 820 3345 instaurata
844 3297 941 3352 erant,
965 3297 1024 3342 tam
1046 3297 1113 3344 ext

128 3387 193 3428 tacu
211 3368 324 3429 Albano
339 3385 412 3446 aqua
429 3369 533 3427 emissa
554 3370 584 3426 in
606 3384 706 3444 agros,
728 3368 872 3444 Veiosque
891 3367 947 3426 lata
964 3365 1082 3443 adpete-

129 3453 208 3512 bant.
237 3453 326 3526 igitur
337 3450 431 3512 fatalis
445 3451 502 3511 dux
514 3451 549 3510 ad
563 3451 708 3510 excidium
719 3449 798 3511 illius
809 3448 891 3510 urbis
905 3449 1080 3510 servandac·
1098 3463 1115 3512 2

854 3531 917 3598 18*
