2522 3954
188 203 233 252 laX
363 201 410 248 DE
431 201 501 247 Tl'l'l
519 199 606 246 Lll'll
629 199 710 248 virt
733 199 778 248 itt*
794 197 958 247 scutrum.

187 362 274 417 vinnm
292 374 354 415 eum
367 358 498 422 nominat,
514 364 542 414 et
556 357 588 422 ll,
603 365 627 422 5,
647 365 694 419 19:
714 373 784 432 „eqo
800 357 919 432 optimos
935 357 1042 432 quidem
1057 355 1149 432 inquit

187 450 215 500 et
230 442 323 500 stetim
337 449 366 499 et
382 458 497 516 semper,
509 441 557 498 sed
570 449 660 500 tannen
674 457 768 498 eorum
780 441 997 499 candidissimum
1012 457 1148 514 quemque

187 535 216 583 et
237 525 349 582 maxime
366 525 519 601 expositum
538 525 631 590 velim,
653 535 685 582 ut
698 525 799 582 nmium
817 543 832 580 a
851 525 944 600 pueris
963 525 1050 598 magis
1067 541 1149 598 quam

188 608 360 668 Sallustium:
378 617 407 667 ct
420 609 466 668 hie
481 609 613 667 historiae
633 610 719 666 maior
733 617 776 666 est
791 616 899 674 auctor,
914 609 948 666 ed
963 625 1043 683 quem
1059 615 1149 664 tamen
1243 607 1244 648 t

187 692 393 768 intelligendum
404 693 455 750 iarn
470 693 596 768 proiectu
608 709 677 770 opus
690 693 728 749 sit
737 701 763 757 ;“
781 692 889 751 'iacitur
900 699 990 750 autem
1002 685 1052 764 ¹7⁸)
1066 691 1149 748 medo
1243 689 1244 766 J

188 777 442 851 eloquentissimum
459 786 581 835 veterum
595 786 742 841 auctorem,
761 777 842 835 modo
857 775 1028 852 eloquentiae
1043 783 1072 832 et
1086 773 1149 831 fider
1243 785 1244 794 ¹

188 861 357 935 praeclarum
368 860 397 917 in
404 860 508 936 primis,
521 863 677 936 pariterque
685 854 844 933 Senecam)
853 861 1062 918 disertissimum
1070 875 1149 934 prae·

188 944 268 1007 dieat,
286 952 315 1000 et
325 942 443 1002 Velleius
452 937 502 1016 180)
514 961 578 1001 enm
591 945 663 1001 inter
677 945 785 1018 ingenie
795 953 931 1009 numerat,
947 959 1016 1018 qnae
1034 943 1148 1000 menime

190 1027 232 1084 sui
250 1028 308 1084 aevi
329 1027 479 1090 emineant,
501 1035 530 1084 et
549 1026 637 1084 torma
651 1028 741 1102 operis
756 1028 798 1085 sui
812 1027 1035 1102 perfectissimos.
1064 1027 1147 1083 Tanta

190 1111 268 1168 laude
285 1118 318 1168 ut
334 1111 432 1184 dignus
448 1110 585 1183 rideretur
601 1111 690 1167 livius
712 1118 739 1167 et
760 1111 870 1184 ingenio
886 1113 944 1168 eins
958 1111 1082 1168 edoctum
1097 1119 1149 1172 est,

193 1193 270 1268 quale
288 1211 370 1268 supra
394 1192 616 1268 significavimus,
637 1194 725 1251 vivide
745 1203 774 1251 et
793 1193 888 1259 alacri,
910 1191 1017 1270 poetica
1034 1193 1149 1268 quadmn

191 1277 319 1334 facultate
334 1277 472 1352 praedito,
488 1277 595 1352 pulolui
611 1278 773 1352 honestique
787 1293 870 1335 sensu
886 1278 998 1341 imbuto,
1018 1275 1148 1350 singulari

191 1361 315 1418 ubertate
330 1369 359 1418 et
373 1362 586 1425 mansuetudine,
601 1361 765 1434 optimarum
779 1361 919 1420 literarum
930 1361 1028 1418 studiis
1041 1359 1148 1418 exculte

191 1453 220 1501 et
241 1444 389 1501 exercitato
411 1451 541 1517 rectoque
562 1453 589 1501 et
608 1443 716 1508 sobrio,
737 1461 792 1519 quo
808 1445 837 1501 in
849 1445 982 1520 'eligendo
998 1453 1026 1502 et
1040 1445 1150 1502 conier-

194 1527 289 1587 mando
305 1543 430 1584 sermone
446 1543 513 1584 usus
527 1535 578 1591 est,
595 1528 703 1586 iudicio.
735 1527 863 1586 llloreltot
876 1529 947 1586 enim
964 1545 998 1585 eo
1015 1535 1150 1602 tempere,

193 1627 246 1684 quo
262 1609 408 1674 Ciceronis,
422 1609 552 1674 Caesaris,
562 1611 647 1676 Bruti,
659 1611 775 1670 aliorum
789 1612 886 1670 studiis
902 1629 965 1669 sana
980 1619 1009 1668 et
1025 1627 1086 1669 rere
1097 1611 1150 1670 lio·

192 1711 270 1750 mane
288 1693 443 1768 eloquentia
463 1700 521 1751 erat
538 1705 645 1770 perata,
668 1704 697 1754 et
713 1713 771 1754 eam
786 1696 937 1771 attingebat
952 1703 1080 1760 aetatem,
1097 1711 1148 1771 qua

194 1785 293 1851 quanta
315 1795 408 1834 rerum
428 1778 671 1854 institutorumque
692 1780 863 1854 publicorum
892 1788 965 1838 tanta
988 1779 1149 1842 studiorum,

193 1861 369 1924 iudiciorum,
385 1861 518 1920 orationis
535 1864 605 1921 lacta
620 1872 664 1921 est
677 1864 791 1921 mutatio
801 1858 859 1937 181).
884 1864 955 1922 llam
969 1879 1030 1922 cum
1046 1864 1152 1921 discor·

193 1945 244 2000 diis
255 1944 378 2002 civilibus
390 1945 489 2003 defessi
504 1964 597 2005 omnes
610 1948 695 2005 otium
707 1956 735 2004 et
749 1946 974 2022 tranquillitatem
986 1955 1150 2022 spectarent,

194 2043 353 2102 summoque
368 2028 482 2103 imperio
497 2031 687 2104 addugustum
698 2029 788 2088 delato
803 2033 947 2106 optimates
962 2039 991 2089 et
1004 2030 1151 2106 populares

194 2111 368 2185 possessione
383 2120 411 2169 et
424 2113 656 2170 administratione
673 2113 851 2188 reipublicae
861 2117 1014 2179 cessissent,
1030 2114 1151 2188 optimus

192 2193 311 2268 quisque
328 2203 356 2252 et
375 2195 608 2268 ingeniosissimus
626 2197 659 2254 nd
675 2196 814 2255 literarum
830 2199 919 2256 studia
940 2215 969 2256 se
985 2199 1151 2261 conterrent,

195 2277 223 2333 in
244 2276 342 2351 quibus
359 2277 465 2352 pulliea
482 2275 609 2337 libertate
631 2283 729 2338 amissa
752 2297 803 2339 suo
820 2279 939 2340 arbitrio
960 2289 1104 2340 uterentur
1123 2289 1153 2338 et

195 2368 285 2417 vetere
296 2359 437 2436 disciplina
449 2360 540 2420 solute
550 2363 603 2420 sibi
616 2363 797 2440 indulgerent,
804 2365 879 2424 brevi
890 2375 1013 2442 ternpore
1026 2373 1054 2422 et
1065 2366 1152 2440 ipsius

194 2443 261 2501 livii
277 2452 364 2502 aetate
378 2461 538 2519 magnorum
549 2455 692 2523 poetamm
702 2448 857 2524 praeclaris,
873 2451 906 2506 ad
913 2449 1076 2508 Graecorum
1087 2465 1152 2506 ner·

195 2545 265 2585 mam
277 2537 305 2586 et
316 2528 437 2604 exempla
452 2529 590 2604 perlectis
601 2533 728 2608 operibus
744 2530 838 2607 lingua
853 2532 937 2591 latina
951 2541 1029 2592 aucta
1045 2541 1074 2590 et
1088 2548 1153 2607 pro·

195 2619 283 2675 mota,
302 2629 396 2670 eorum
411 2621 501 2671 autem
515 2615 629 2684 studiis,
651 2615 698 2690 qui
711 2633 766 2673 non
782 2625 836 2674 tam
851 2616 906 2676 alta
921 2625 1015 2692 petere
1029 2626 1152 2692 possent,

195 2695 264 2751 etin
280 2712 437 2769 magnarum
455 2714 546 2754 rerum
563 2698 654 2773 iuopia
675 2699 779 2757 formae
791 2700 913 2759 artificiis
929 2701 955 2758 id
973 2701 1045 2776 quod
1059 2700 1151 2756 deerat

265 2925 322 2989 178)
334 2930 412 2990 Agric.
427 2927 470 2987 10;
484 2931 512 2980 ab
526 2945 621 2980 excessu
634 2934 690 2994 lug.
704 2933 739 2990 tv,
751 2931 792 2982 tt.

264 2991 322 3056 179)
335 2997 369 3046 lle
380 2997 416 3046 ira
428 2995 498 3056 titt,
511 2997 545 3046 27
557 2997 608 3062 (tc,
620 2997 637 3048 o
649 3000 685 3050 ed.
698 2997 793 3062 llosse).

264 3058 321 3124 180)
334 3063 365 3121 ll,
377 3061 417 3121 tc,
430 3062 459 3122 3;
472 3065 626 3115 indefectam
638 3073 681 3123 est,
692 3074 718 3117 ut
728 3067 792 3117 idem
798 3065 897 3116 Velleius
909 3065 994 3116 dixerit
1005 3065 1023 3124 l,
1039 3065 1100 3122 lm
1112 3067 1152 3116 Li·
1181 3119 1183 3122 ,

197 3128 258 3244 {illam
275 3133 486 3247 qngqqetpricrmn
502 3133 571 3182 ested
589 3134 707 3190 adstruam
730 3133 800 3182 sicuti
817 3132 912 3183 Tacitus
930 3134 1024 3182 eumin
1048 3140 1152 3183 veterum

229 3210 295 3247 mero
325 3213 385 3249 ae.

265 3262 321 3326 181)
334 3265 386 3315 Vid.
404 3267 561 3328 Schadeherg.
575 3267 652 3316 lahnii
664 3267 722 3316 dnn.
736 3266 789 3324 Vll,
802 3264 864 3324 125;
880 3266 1021 3317 Bernhardil
1034 3265 1063 3316 ll.
1076 3266 1112 3316 lit.
1124 3267 1152 3318 tt.

196 3327 214 3392 8
226 3328 271 3388 lim
289 3331 377 3389 Queck.
395 3333 494 3383 Zweiter
504 3334 597 3394 lieitreg
613 3347 654 3382 aur
666 3332 852 3382 Clraralrteristilr
869 3331 912 3382 des
924 3333 1021 3383 livius:
1042 3333 1082 3384 die
1093 3334 1153 3384 Der·

196 3397 294 3458 stellong
306 3398 437 3449 desselben.
461 3399 655 3450 Sondersliansen
669 3395 746 3458 185&
759 3399 842 3450 Haase.
856 3400 912 3450 Tae.
926 3399 1009 3465 Opp.l
1026 3415 1049 3465 p.
1063 3400 1151 3450 llLl'lll

197 3477 261 3525 sqq:
274 3463 352 3514 Hertz.
364 3465 452 3528 prolns.
466 3481 490 3530 p.
503 3466 571 3515 xvtt.
815 3509 817 3516 Α
