2534 3956
152 197 153 202 ’
214 185 276 250 318
417 195 513 238 urana
527 195 570 238 rr.
601 195 672 238 oar.
687 186 714 240 6.
741 177 782 256 [a-
800 197 829 236 11·
847 197 873 236 ὓ·
891 177 956 254 368]

178 367 196 418 a
213 322 289 417 lum,
315 364 350 409 eo
370 344 535 406 abnuentes
551 341 703 423 publicum
718 343 808 406 luisse
825 341 995 413 consilium,
1014 343 1095 422 quod
1110 363 1176 406 non

214 428 381 510 prohibitos
402 427 602 490 tautummodo
622 424 802 488 voluntarios
823 427 957 489 dicerent
972 426 1101 488 militare
1118 428 1177 488 ubi

178 511 331 586 evellent
361 511 510 574 desierant
520 511 579 570 iam
590 508 649 569 ulia
660 511 812 572 contemni
822 508 909 572 bella.
936 511 1036 588 itaque
1049 517 1177 573 senatus

214 597 270 658 diis
285 614 374 674 agere
391 595 517 675 gratias,
533 592 612 673 quod
626 593 764 655 Camillus
778 595 810 654 in
826 594 999 672 magistratu
1013 598 1107 656 esset:
1125 595 1161 656 dl

215 686 357 742 otatorem
372 679 482 758 quippe
498 677 655 739 dicendum
679 695 749 738 eum
764 677 869 748 luisse,
891 677 917 738 si
931 677 1062 756 privatus
1083 685 1175 741 esset

215 768 245 826 et
260 761 390 842 collegae
405 761 492 822 lateri
511 762 645 838 regimen
660 762 792 822 omnium
811 779 927 830 rerum,
948 757 1001 820 ubi
1016 761 1087 838 quid
1106 760 1175 824 bel·

178 859 196 910 't
213 846 263 908 lici
276 847 401 908 terroris
415 847 549 921 ingruat,
566 846 598 905 in
613 845 677 905 viro
691 863 751 905 uno
769 864 848 916 esse,
864 843 979 923 sibique
991 843 1183 907 destinatum.

213 931 351 990 inanimo
363 947 428 992 esso
438 925 560 990 Camillo
571 929 753 990 summittere
765 929 932 1008 imperium,
944 945 1000 988 nec
1011 929 1176 1009 quicquam

213 1015 257 1074 de
264 1013 417 1074 maiestate
435 1028 490 1073 sua
509 1010 674 1072 detractum
689 1011 828 1083 eredere,
849 1011 929 1092 quod
943 1013 1089 1072 maiestati
1107 1014 1174 1074 eins

212 1097 268 1156 riri
285 1097 508 1168 concessissent.
539 1093 721 1157 conlaudatis
735 1094 771 1156 ab
787 1101 891 1158 senatu
906 1093 1034 1156 tribunis
1056 1102 1086 1156 et
1105 1098 1174 1174 ipse

213 1178 367 1250 Canidius,
390 1179 530 1241 contusus
550 1178 665 1249 animo,
688 1179 796 1256 gratias
812 1181 880 1257 egit.
911 1179 1016 1257 ingens
1038 1178 1108 1240 inde
1129 1182 1174 1240 ait

213 1283 288 1326 onus
303 1282 320 1324 a
336 1263 447 1342 populo
462 1262 595 1323 Romano
609 1261 681 1334 sibi,
698 1264 795 1342 quise
815 1263 988 1324 dictatorem
1005 1263 1063 1322 iam
1080 1279 1173 1340 quar·

213 1355 276 1409 tum
288 1355 432 1418 creasset,
448 1363 587 1424 magnum
604 1364 620 1405 a
634 1353 739 1407 senatu
751 1344 860 1408 talibus
876 1346 913 1408 de
927 1364 960 1408 se
971 1345 1089 1407 iudiciis
1105 1348 1173 1408 eius

213 1432 335 1501 ordinis,
352 1447 521 1491 maxumum
535 1435 593 1491 tam
604 1429 818 1492 honoratorum
830 1427 1011 1507 collegarum
1025 1427 1174 1510 obsequio

176 1529 195 1580 o
211 1515 335 1592 iniungi.
369 1515 467 1592 itaque
479 1515 504 1574 si
520 1513 591 1590 quid
605 1511 716 1575 laboris
731 1513 956 1592 vigiliarumque
973 1513 1050 1574 adici
1064 1515 1171 1592 possit,

212 1603 374 1658 certantem
391 1615 490 1658 secum
509 1598 606 1676 ipsum
628 1597 815 1668 adnisurum,
838 1604 872 1658 ut
891 1603 972 1658 tanto
993 1597 1030 1658 de
1049 1615 1080 1662 se
1097 1615 1171 1659 con·

211 1697 301 1742 sensu
321 1681 444 1742 civitatis
465 1681 652 1759 opinionem,
675 1699 751 1760 quae
769 1681 896 1742 maxima
916 1683 970 1751 sit,
993 1681 1079 1742 etiarn
1096 1699 1171 1742 con·

162 1770 337 1830 testantem
356 1764 471 1825 eliciat.
501 1765 580 1844 qnod
600 1765 636 1826 ad
656 1763 765 1826 bellum
785 1771 873 1842 atque
887 1765 1018 1826 Antiates
1036 1765 1170 1826 attineat.
1249 1809 1250 1816 ,

209 1846 277 1926 plus
298 1847 340 1914 ibi
359 1848 507 1908 minarum
524 1864 613 1925 quarn
630 1847 756 1926 periculi
771 1867 844 1916 esee.
875 1867 907 1910 se
929 1855 1028 1909 tamen
1043 1855 1076 1908 nt
1093 1848 1169 1910 niun
1249 1851 1250 1854 ’

161 1945 191 1997 ιι
210 1931 332 1992 timendi
347 1933 390 1992 sic
409 1930 484 1990 nibil
501 1933 710 1993 contemnendi
730 1939 883 1994 auctorem
903 1951 977 1994 esse.
1006 1934 1168 1994 circumse-
1249 1959 1250 1998 t

210 2013 274 2074 deri
291 2013 396 2076 urbem
409 2013 569 2075 Romanam
585 2014 621 2075 ab
637 2016 744 2076 invidia
757 2023 786 2076 et
802 2016 870 2076 odio
888 2015 1095 2076 finitimorum:
1111 2015 1168 2077 ita·
1249 2009 1250 2100 J

189 2113 268 2180 'quo
291 2103 320 2158 et
341 2096 464 2160 ducibus
486 2097 622 2178 pluribus
643 2106 671 2161 et
699 2098 877 2160 exercitibus
904 2099 1169 2162 administrandam

159 2197 191 2252 12
208 2197 272 2242 rem
288 2179 436 2260 publicam
452 2200 526 2243 esse.
559 2188 629 2251 „te“
644 2183 753 2258 inquit,
775 2183 827 2253 „l‘.
844 2181 957 2254 Valeri,
980 2185 1093 2246 socium
1111 2184 1168 2244 im·

208 2265 284 2342 perii
293 2263 467 2340 consiliique
477 2261 609 2341 legiones
618 2281 735 2327 mecum
747 2266 887 2328 adversus
895 2267 1040 2330 Antiatem
1047 2267 1168 2328 bostem

158 2365 190 2421 13
209 2345 318 2408 ducere
331 2344 443 2424 placct;
460 2353 504 2417 te,
520 2344 552 2417 Q.
566 2345 685 2418 Servili,
700 2347 794 2411 altero
806 2351 937 2412 exercitu
951 2353 1097 2414 instructo
1112 2369 1167 2430 pa·

207 2434 332 2508 ratoque
346 2431 378 2490 in
395 2429 471 2492 urbe
485 2437 580 2492 castra
594 2430 719 2502 habore,
743 2433 904 2504 intentum,
925 2436 992 2496 sire
1000 2435 1117 2496 Etruria
1131 2453 1167 2496 se

207 2514 338 2584 interim,
355 2520 387 2574 ut
401 2531 511 2592 nuper,
527 2516 588 2576 sive
604 2532 678 2576 nova
688 2515 763 2577 hacc
775 2534 860 2587 cura,
879 2517 977 2579 Latini
987 2525 1074 2597 atque
1087 2517 1166 2580 ller-

206 2597 266 2657 nicl
280 2599 434 2660 moverint.
467 2614 522 2678 pro
538 2604 619 2660 certo
633 2597 730 2660 habeo
745 2601 785 2660 ita
799 2616 864 2661 rem
879 2608 1048 2680 gesturum,
1064 2607 1098 2662 ut
1111 2619 1150 2680 pa
1163 2635 1166 2642 ·

157 2685 253 2747 latre
274 2697 327 2742 avo
343 2687 431 2760 teque
452 2681 517 2760 ipso
532 2699 567 2744 ac
585 2701 638 2744 sex
660 2680 860 2744 tribunatibus
877 2684 1000 2763 dignum
1020 2693 1072 2747 est.
1102 2691 1166 2746 ter·
1249 2749 1250 2758 J

207 2763 280 2825 tius
292 2766 438 2827 exercitus
465 2783 502 2826 ex
529 2767 669 2829 causariis
694 2766 950 2846 senioribusquea
971 2768 1003 2831 L.
1026 2766 1166 2838 Quinctio

206 2845 370 2919 scribatur,
392 2849 442 2926 qui
459 2848 528 2910 nrbi
543 2848 758 2930 moenibusque
772 2851 919 2929 praesidio
939 2854 986 2915 sit.
1017 2853 1049 2914 L.
1067 2851 1164 2914 llora·

206 2930 265 2991 tina
279 2947 360 2991 arma
375 2931 433 2992 tela
445 2932 625 2995 trumentum
640 2951 775 3013 quaeque
795 2933 865 2996 belli
882 2934 939 2998 alia
956 2943 1091 3016 tempora
1108 2954 1164 3015 po·

156 3026 189 3079 lo
205 3020 291 3078 scant
305 3014 465 3094 provideat.
497 3023 540 3087 te,
563 3017 646 3080 Serri
662 3017 795 3089 Corneli,
815 3021 983 3098 praesidem
997 3020 1085 3082 huius
1104 3039 1164 3100 pn·

205 3096 276 3160 blici
289 3096 419 3169 consilii,
436 3099 589 3164 custodem
603 3101 781 3180 religionum
797 3103 984 3167 comitiorum
998 3103 1098 3184 legum
1111 3121 1163 3166 re·
1249 3107 1250 3118 ’

158 3193 190 3247 lo
205 3197 274 3244 rnm
297 3183 429 3243 omnium
453 3183 635 3247 urbanarum
656 3184 786 3264 collegae
807 3185 960 3251 iacimus‘t
993 3189 1108 3251 cunctis
1128 3188 1163 3248 in

205 3271 306 3346 partes
315 3267 446 3328 murinis
461 3270 508 3329 sui
523 3267 651 3347 benigne
666 3267 875 3349 pollicentibus
892 3290 1014 3352 operam
1026 3271 1163 3334 Valerius

205 3349 305 3411 melus
326 3351 445 3429 imperii
467 3349 561 3414 lectus
583 3352 689 3414 adiecit
708 3352 746 3415 ll.
763 3353 886 3417 Furium
906 3354 964 3418 sibi
988 3373 1044 3436 pro
1067 3356 1162 3417 dicta·

156 3436 271 3492 ittera
290 3449 380 3510 seque
404 3434 432 3494 ni
453 3451 508 3514 pro
527 3436 667 3514 magistro
697 3437 827 3516 equitum
849 3437 995 3502 futurum:
1021 3439 1164 3520 proinde,
