2548 3954
292 221 386 264 emme
401 222 421 264 1.
454 221 523 263 esu.
539 213 642 267 35..36.
670 205 710 282 [a.
730 203 764 264 O.
779 203 907 280 eto-ste]
1035 207 1075 271 39

124 381 182 434 tem
202 371 305 430 aeuus
321 371 393 438 sius,
416 385 473 445 qua
489 367 623 432 civilibus
637 371 742 432 eitieiis
754 369 912 447 iungentur
928 369 1073 441 homiues,

124 455 235 516 Romae
249 472 282 516 se
297 469 385 529 quem
401 453 433 512 in
443 459 543 515 retere
553 455 648 532 petria
660 453 780 522 tixissm
801 454 880 514 demi
894 453 1073 532 militiaeque
1090 463 1110 515 t

123 537 179 598 sub
201 536 277 598 baud
292 535 469 614 paenitendo
492 539 646 615 magistro,
668 538 733 616 ipso
748 537 829 601 Anee
846 553 928 614 rege,
943 535 1074 598 Romana

124 641 156 682 se
170 621 244 690 iure,
259 619 408 680 Romanos
422 620 496 682 ritus
510 619 663 690 didicisse;
687 620 830 697 obsequio
846 626 875 682 et
889 618 1072 682 observantia
1137 669 1139 676 ,

122 707 153 764 in
171 721 274 780 regem
289 720 357 765 eum
375 702 526 775 omnibus,
546 703 728 782 benignitate
743 721 813 782 erge
827 701 902 766 elios
919 721 987 764 eum
1001 719 1073 780 rege

121 789 187 866 ipso
206 793 335 848 eeotesse
356 806 409 846 -e
432 786 507 848 haee
527 805 594 848 eum
613 788 692 850 beud
711 787 784 848 islsu
800 794 1013 854 memorantem
1027 787 1072 850 ine
1090 792 1109 844 6

121 871 204 949 genti
224 886 372 931 eonsensu
393 869 521 948 populus
542 870 693 932 Romanus
719 889 846 948 regnare
871 872 964 932 iussit.
994 869 1072 948 Ergo

122 956 217 1014 tirum
232 959 330 1014 eetere
347 955 498 1030 egregium
512 962 620 1025 secute,
638 972 726 1032 quem
738 957 769 1014 in
781 952 909 1033 petendo
920 951 1072 1023 habuerat,

121 1039 209 1098 etiem
230 1042 404 1114 regnantem
424 1035 544 1098 ambitio
566 1045 625 1106 est;
648 1055 704 1100 nee
723 1039 822 1099 minus
841 1039 928 1115 regui
949 1038 995 1100 sui
1023 1037 1073 1100 iir-

120 1119 221 1182 mendi
235 1136 323 1197 quesn
338 1120 490 1198 augendae
504 1122 549 1181 rei
563 1120 701 1198 pubbieee
713 1139 829 1182 memor
844 1130 962 1182 eentum
975 1122 1007 1182 in
1021 1139 1073 1198 pe·

120 1213 183 1266 tres
205 1203 291 1281 legit,
314 1205 366 1280 qui
385 1203 492 1264 deinde
512 1205 661 1265 munerum
682 1205 813 1282 gentium
836 1212 905 1266 sunt
925 1203 1071 1282 appellati,

121 1288 209 1354 iuetio
231 1285 414 1347 hauddubie
428 1289 524 1365 regis,
547 1289 631 1349 euius
644 1287 790 1352 heuebeio
807 1288 838 1348 in
858 1288 971 1348 euriem
985 1304 1072 1350 rene·

120 1378 197 1433 rent.
225 1369 337 1432 betium
355 1371 484 1450 primun
499 1387 566 1434 eum
577 1369 689 1432 Latinis
705 1372 809 1449 gessit,
827 1377 858 1432 et
874 1368 1015 1448 oppidum
1030 1368 1073 1433 ibi
1091 1383 1106 1432 7

120 1453 239 1534 Apiolas
260 1455 288 1513 ri
311 1455 403 1532 oepit,
424 1453 594 1534 praedaque
617 1454 687 1516 inde
709 1457 837 1526 tutiore,
862 1470 951 1532 quem
965 1461 1072 1531 quanta

120 1537 193 1600 beili
206 1537 283 1598 ieme
299 1537 410 1609 iuerat,
429 1545 546 1600 reverte
562 1537 648 1601 ludos
662 1537 829 1618 opulentius
843 1539 1072 1614 instructiusque

121 1637 210 1700 quem
231 1622 348 1700 priores
361 1638 449 1700 reges
467 1621 545 1682 iecit.
581 1629 652 1688 tune
666 1625 796 1702 primum
809 1622 905 1691 eiree,
927 1622 977 1697 qui
992 1637 1072 1682 nuuc
1090 1633 1106 1684 8

121 1707 264 1766 maximus
281 1705 404 1776 dieitur,
426 1705 595 1783 desigrntus
613 1705 696 1782 loeus
712 1713 764 1768 est
793 1705 857 1766 loen
873 1705 963 1766 diuise
980 1705 1071 1782 petri·

120 1787 178 1850 bus
197 1788 418 1867 equitibusque,
440 1787 492 1850 ubi
513 1788 680 1869 spectatula
704 1789 763 1851 sibi
782 1791 908 1866 quisque
928 1787 1070 1857 inserent,

121 1873 178 1934 ieri
190 1871 337 1952 appellati.
359 1880 529 1951 spectavere
540 1872 632 1934 iureis
651 1872 803 1934 duodenos
815 1871 851 1932 ab
864 1879 945 1932 terre
957 1877 1105 1949 specte-e

121 1955 187 2016 outa
210 1955 267 2016 elta
289 1954 500 2018 sustinentibus
520 1956 621 2036 pedes
650 1955 798 2017 ludicrum
821 1954 878 2016 fuit
898 1955 967 2030 equi
986 1954 1071 2032 pugi·

119 2038 222 2116 lesque
237 2058 273 2100 ex
284 2038 402 2100 Etruria
416 2039 544 2100 maxime
560 2040 656 2100 eeeiti.
680 2038 848 2108 sollemnes,
859 2036 966 2100 deinde
980 2038 1071 2102 annui
1090 2050 1124 2100 le

120 2139 255 2184 mansere
270 2121 341 2192 ludi,
352 2122 477 2184 Romani
490 2123 648 2200 magnique
661 2125 741 2184 varie
752 2120 899 2200 appellati.
916 2119 953 2182 eb
966 2120 1070 2182 eedem

121 2224 191 2284 rege
214 2213 243 2267 et
264 2205 456 2267 circuierunt
472 2207 593 2284 privetis
611 2206 791 2270 oedifieeude
807 2206 897 2266 divise
911 2210 980 2266 sunt
995 2202 1060 2264 lece

120 2291 252 2371 perticus
265 2288 466 2366 tabernaeque
478 2290 581 2352 iuetee.

181 2373 306 2436 XXXVI.
328 2373 413 2433 Mure
429 2389 546 2450 queque
563 2371 680 2451 lapideo
698 2372 884 2434 eireumdare
898 2371 1005 2436 urbem
1018 2389 1070 2449 pe·
1090 2385 1103 2435 1

120 2456 220 2526 rubet,
242 2473 308 2517 eum
324 2454 465 2522 Sabinum
481 2454 592 2521 bellum
608 2457 721 2534 eeeptis
734 2456 900 2518 intervenit
937 2454 1070 2530 adeoque

120 2559 154 2605 ee
177 2539 342 2602 subitores
365 2539 436 2609 tuit,
466 2545 500 2602 ut
518 2539 601 2617 prius
619 2539 762 2600 Anienem
782 2539 942 2604 uenerem
960 2536 1070 2605 hostes,

119 2641 208 2702 quem
222 2621 337 2690 ebeiun
352 2623 397 2684 ire
412 2640 446 2682 ee
464 2621 625 2700 probibere
638 2624 786 2684 exereitus
801 2621 950 2682 Romanus
960 2626 1069 2698 posset.

120 2705 520 2785 traqueuepidatumiremee
531 2712 584 2768 est.
593 2713 622 2768 et
631 2707 727 2784 prime
740 2703 955 2766 dubiarietorie
965 2719 1070 2780 magna
1088 2710 1105 2760 2

120 2793 268 2868 utrimque
283 2789 376 2851 eeede
395 2796 556 2868 pugnatum
577 2797 630 2851 est
662 2789 792 2857 reduetis
806 2787 912 2850 eunde
927 2789 958 2850 io
975 2793 1070 2850 eostre

121 2873 247 2936 bostium
265 2873 359 2951 eopiis
379 2873 506 2950 datoque
525 2874 619 2951 spatio
634 2871 775 2936 Romanis
791 2872 828 2932 ad
848 2869 1070 2950 conparandum

120 2957 157 3018 do
170 2959 288 3035 ¹integre
303 2953 431 3026 beilum,
452 2956 643 3034 Tarquinius,
660 2957 788 3033 equitem
803 2957 929 3018 maxime
943 2956 1004 3016 suis
1017 2953 1068 3017 de·

120 3057 185 3102 esse
206 3039 316 3102 viribus
338 3047 436 3111 retus,
460 3039 496 3100 ed
520 3039 641 3100 biemnis
663 3039 809 3101 Titienses
827 3038 972 3108 Luceres,
996 3054 1069 3114 ques

119 3125 268 3186 centurias
279 3122 423 3184 Remulus
437 3124 605 3200 scripserat,
621 3122 730 3184 addere
744 3121 817 3182 alies
829 3121 985 3190 constituit.
1001 3137 1069 3180 sue·

119 3221 177 3283 quo
190 3209 321 3285 insignes
335 3206 507 3284 relinquere
526 3207 655 3266 nomine.
688 3206 718 3266 id
735 3206 802 3282 quie
816 3206 993 3282 ‘inaugurato
1011 3200 1070 3263 Re·
1087 3207 1106 3260 3

119 3289 215 3352 mulus
230 3291 351 3360 ieeeret,
366 3307 477 3368 negare
489 3290 572 3350 teus
583 3287 699 3360 Nerius,
714 3287 834 3350 ineiitus
850 3306 883 3350 ee
898 3291 1069 3365 tempestate

119 3389 222 3449 erigere,
238 3387 335 3450 neque
351 3374 459 3434 mutari
473 3387 571 3450 neque
588 3389 696 3432 nevum
709 3372 856 3442 constitui,
871 3370 929 3430 nisi
940 3387 1007 3432 eves
1019 3366 1070 3428 ed·

118 3455 276 3527 dixissent,
293 3473 390 3532 posse.
422 3473 458 3517 ex
477 3473 513 3516 ee
527 3455 572 3514 ire
587 3456 654 3532 regi
666 3461 754 3525 motu,
764 3454 951 3530 ¹eludensque
967 3459 1062 3513 ortem
