2548 3954
283 262 378 302 ursus
392 261 412 304 1.
439 261 509 305 cnr.
525 254 548 306 8.
564 253 591 308 9.
623 247 663 321 [a.
681 244 858 324 Ossa-717]
1007 255 1043 313 11

85 412 147 472 boc
169 427 264 487 genus
278 408 315 470 ab
330 409 461 470 Etruscis
474 410 620 480 finitimis,
642 411 722 472 unde
736 408 808 472 sella
825 410 951 482 curulis,
968 412 1046 473 unde

84 505 157 573 toga
179 500 331 572 praetexta
350 500 466 571 sumpta
487 501 547 564 cst,
575 500 605 554 ct
623 511 781 556 numerum
807 510 925 572 quoque
949 496 1046 573 ipsum

84 579 212 640 ductum
230 574 341 655 placet:
364 578 446 639 etita
461 575 599 639 babuisse
614 577 770 646 Etruscos,
791 577 870 654 quod
884 595 920 640 ex
935 577 1045 638 duode-

86 664 148 722 cim
168 658 287 740 populis
307 661 502 722 communiter
517 668 617 722 creato
633 678 705 739 rege
722 659 855 738 singrdos
868 659 976 739 singuli
991 678 1044 738 po·

84 743 153 825 puli
171 743 290 804 lictores
305 743 448 804 dederint.

152 826 311 890 Crescebat
331 827 450 888 interim
474 827 546 888 urbs
565 827 779 890 munitionibus
803 828 859 890 alia
881 837 968 906 atquc
988 827 1078 890 alias

85 909 256 990 adpetendo
274 909 356 979 loca,
378 907 446 970 cum
463 911 494 970 in
513 928 596 990 spem
610 914 703 990 magis
721 912 837 974 futurae
851 910 1045 974 mrdtitudinis

85 1011 181 1071 quam
195 993 231 1054 ad
245 993 290 1062 id,
309 994 388 1070 quod
404 1000 465 1054 tum
481 992 633 1056 bominum
649 1003 729 1067 erat,
746 997 905 1056 munirent.
938 994 1044 1056 deinde
1062 1001 1077 1049 5

85 1095 126 1139 ne
145 1093 221 1138 vana
244 1075 326 1138 rubis
348 1077 519 1155 magnitudo
540 1087 631 1149 esset,
654 1079 825 1141 adleiendae
850 1077 1044 1140 multitudinis

85 1177 179 1222 causa
199 1167 297 1222 uetere
323 1160 447 1221 consilio
468 1161 657 1223 condentium
677 1161 783 1232 urbes,
808 1162 861 1238 qui
887 1160 1043 1224 obscuram

86 1252 179 1321 atque
201 1243 344 1304 humilem
365 1243 527 1304 conciendo
551 1245 587 1305 ad
612 1263 645 1307 se
670 1245 888 1308 multitudinem
906 1251 1043 1306 natame

86 1326 238 1390 terrasibi
253 1327 369 1405 prolem
385 1326 629 1398 ementiebantur,
641 1327 751 1398 locum,
767 1329 818 1404 qui
830 1345 909 1390 nuno
926 1334 1043 1405 saeptus

86 1409 338 1472 descendentibus
356 1411 434 1471 inter
454 1411 528 1472 duos
548 1410 632 1473 lucos
654 1418 713 1483 est,
741 1409 853 1491 asylum
875 1411 978 1490 aperit.
1007 1417 1077 1482 eod

87 1513 125 1557 ex
138 1494 272 1554 liniumis
286 1492 405 1573 populis
418 1493 506 1554 turba
523 1497 619 1556 onmis
637 1496 705 1558 sinc
715 1496 896 1564 discrimine,
911 1491 988 1555 liber
1004 1511 1042 1556 an

86 1595 192 1639 servus
203 1583 287 1648 esset,
300 1578 381 1638 auda
392 1594 534 1640 novarum
547 1595 650 1640 rerum
661 1579 801 1657 perfugit,
812 1579 902 1655 idque
912 1579 1042 1656 primum

87 1661 126 1722 ad
140 1667 276 1738 coeptam
293 1660 524 1738 magnitudinem
540 1660 657 1722 roboris
676 1662 738 1722 luit.
774 1662 847 1725 Cum
863 1663 922 1721 iam
936 1661 1042 1720 virium
1061 1674 1073 1720 r

87 1743 168 1805 baud
180 1745 359 1822 paeniteret,
381 1743 537 1805 sensilium
552 1744 658 1806 deinde
674 1745 785 1806 viribus
804 1749 903 1823 parat:
926 1749 1042 1804 centum

88 1835 171 1890 creat
184 1832 344 1896 senatores,
360 1828 420 1889 sive
434 1828 502 1902 quia
515 1828 541 1888 is
556 1845 698 1890 numerus
714 1830 784 1890 satis
800 1833 879 1896 crat,
900 1827 960 1886 sive
975 1828 1042 1902 quia

88 1909 145 1974 soli
161 1919 279 1972 eentum
295 1915 387 1978 erant,
401 1911 453 1986 qui
471 1911 567 1972 creari
577 1918 679 1988 patres
694 1916 829 1989 possent:
845 1916 945 1987 patres
962 1919 1043 1970 certe

88 1995 125 2056 ab
141 1994 267 2062 honore,
282 1993 458 2072 patriciique
473 1995 754 2070 progenieseorum
767 1990 913 2072 appellati.

151 2077 200 2139 lx.
229 2075 289 2138 lam
304 2093 353 2137 res
369 2075 500 2158 Romana
515 2076 588 2139 adeo
606 2084 670 2140 erat
680 2076 784 2146 valida,
801 2084 834 2137 ut
844 2073 966 2136 cuilibet
976 2075 1041 2135 lini-
1062 2091 1072 2140 l

89 2165 227 2224 timorum
242 2162 390 2220 civitatum
406 2158 485 2222 bcllo
500 2178 554 2239 par
570 2167 659 2228 essct:
677 2160 730 2222 sed
743 2161 868 2239 penuria
883 2157 1042 2218 mulierum

89 2245 218 2307 bominis
237 2250 360 2306 sentem
383 2243 522 2306 duratura
532 2245 704 2322 magnitudo
720 2250 792 2315 erat,
809 2244 919 2321 quippe
935 2240 1042 2319 quibus

90 2347 147 2391 nec
166 2328 247 2389 domi
265 2345 333 2406 spes
353 2325 447 2405 prolis
468 2345 525 2389 nec
548 2345 615 2388 cum
638 2329 769 2388 finitimis
791 2325 918 2389 conubia
934 2331 1040 2387 essent.

90 2422 153 2474 tum
174 2429 210 2472 ex
232 2409 354 2472 consilio
381 2417 498 2488 patrum
523 2409 666 2474 Romulus
690 2408 802 2488 legatos
827 2412 905 2470 cirea
931 2411 1074 2474 vicinas2

92 2502 193 2574 gentes
210 2495 303 2562 misit,
328 2495 377 2570 qui
398 2495 568 2556 societatem
587 2492 805 2570 conubiumque
827 2509 902 2552 noro
929 2489 1041 2570 populo
1128 2525 1130 2530 -

91 2584 239 2660 peterent:
260 2576 351 2639 urbes
372 2589 490 2654 quoque
506 2584 539 2636 ut
556 2584 654 2639 cetera
670 2594 705 2637 ex
721 2575 823 2637 infimo
837 2575 937 2642 nasci;
962 2573 1040 2642 dein,
1059 2589 1075 2641 3

92 2680 164 2740 quas
177 2679 230 2723 sua
245 2663 385 2722 virtusne
401 2660 443 2720 dii
458 2662 572 2730 iurent,
596 2676 715 2738 magius
729 2676 801 2737 opes
818 2658 873 2720 sibi
887 2674 1041 2736 magnum·

93 2763 150 2823 que
171 2761 280 2806 nomen
301 2745 409 2806 lacere.
441 2745 511 2806 satis
531 2745 607 2804 scire
628 2743 735 2820 origini
756 2741 906 2808 Romanae
927 2748 956 2802 et
970 2741 1074 2808 decss

93 2827 219 2889 adfuisse
242 2836 271 2889 ct
289 2845 349 2888 non
373 2827 539 2894 defuturam
563 2828 706 2888 virtutem.
737 2825 863 2904 proinde
885 2842 923 2887 ne
939 2841 1041 2904 grava

95 2919 195 2972 rentur
210 2911 345 2974 homines
365 2929 432 2972 oum
446 2909 616 2972 bominibus
638 2911 810 2988 sangninem
825 2927 860 2970 ac
874 2925 969 2986 genus
986 2910 1041 2968 mi·

95 3011 185 3056 scere.
213 3011 356 3072 nusquam
380 2993 508 3072 benigne
528 2993 635 3070 legatio
656 2993 751 3056 audita
775 3000 834 3056 est:
857 2992 932 3055 adeo
954 2990 1041 3054 simul
1059 3004 1075 3052 s

95 3076 285 3157 spernebant,
313 3076 399 3140 simul
420 3083 530 3141 unum
557 3079 588 3136 in
613 3076 710 3145 medio
732 3083 912 3138 crescentem
933 3073 1041 3134 molem

95 3160 198 3223 sibiae
212 3163 339 3240 posteris
355 3163 416 3225 suis
432 3158 617 3229 metuebant:
636 3177 669 3220 ac
683 3157 833 3238 plerisque
847 3155 1041 3235 rogitantibus

95 3246 221 3314 dimissi,
247 3245 361 3323 ecquod
381 3244 498 3307 leminis
523 3260 640 3321 quoque
659 3241 771 3321 asylum
793 3243 989 3320 aperuissent:
1011 3239 1040 3299 id
1130 3297 1133 3310 ,

97 3331 172 3390 enirn
193 3330 310 3390 demum
331 3345 442 3408 conpar
471 3325 629 3391 conubium
649 3326 723 3388 lore.
752 3341 840 3402 aegre
860 3324 889 3384 id
909 3323 1075 3384 Romanae

96 3411 185 3492 pubes
200 3429 294 3490 passa,
314 3418 343 3474 et
354 3411 434 3473 baud
451 3409 539 3473 dubie
556 3409 592 3471 ad
611 3411 667 3470 vim
682 3415 815 3487 spectare
832 3425 881 3469 res
896 3408 1001 3486 coepit

158 3497 210 3558 Cui
227 3501 343 3574 tempus
352 3493 508 3571 locumque
523 3503 622 3572 aptum
640 3500 672 3552 ut
685 3492 767 3552 daret
777 3490 928 3558 Romulus,
946 3491 1039 3567 aegri·
