2522 3954
288 251 336 298 DE
354 251 427 302 nt‘rt
445 253 533 301 n1v11
552 253 635 302 VITA
649 255 694 304 itt*
708 241 872 308 ueniente.
971 258 1057 306 xntx

92 425 162 484 quae
184 407 328 484 aPolybio
348 415 487 468 mutuatus
500 419 552 475 eet.
575 418 606 468 et
624 428 657 470 ex
671 411 805 488 Scipionis
827 415 916 472 verlue
936 415 1055 476 aGellio

91 493 122 549 N.
138 494 170 550 l„
185 491 228 556 lV.
245 498 287 556 18.
302 499 320 553 3
334 493 457 557 servatii.
476 511 545 568 quae
560 511 621 554 cum
634 495 701 552 livii
718 496 841 556 oratione
861 497 908 556 lilr.
925 499 1055 563 xxxvttt,

92 584 124 636 51
141 576 242 635 iniecta
256 576 410 650 comparari
423 585 548 651 pereunt,
561 575 636 635 et'er
652 577 786 642 LXXXIV.
794 589 820 642 5,,
828 585 853 643 7,
868 581 915 638 uhi
931 582 1055 656 Origines

91 659 212 724 Catonis,
229 676 298 734 quae
312 670 370 718 tum
384 661 503 718 nondum
513 660 632 736 scriptae
642 669 728 726 erent,
743 659 895 728 mittentur,
908 665 955 722 aed
970 667 1055 740 magis

92 744 174 801 etiam
188 743 251 800 inde
265 741 414 818 colligitur.
431 744 503 816 quod
518 744 547 800 in
564 744 688 802 omuibue
703 745 774 806 itam
787 747 932 806 verborum
943 760 1055 808 ornatus

92 834 119 884 et
131 827 209 885 nitor
223 826 325 890 elucet,
343 825 453 886 eaedem
468 835 540 886 artae
554 827 716 892 rhetoricae,
735 830 841 888 metam
856 831 893 888 de
904 832 958 890 rita
972 836 1054 902 mori

91 910 200 984 busque
213 909 361 974 homiuum,
378 909 412 967 ilc
428 909 574 985 republica,
588 911 624 970 de
638 910 745 986 tegitur
759 911 948 990 instituti'eque
963 917 1054 974 civita·

91 994 126 1052 tia
142 993 295 1052 sententiae
315 999 343 1051 et
358 993 456 1052 iudicia
470 1003 609 1070 expromta
627 1005 698 1055 aunt.
730 995 854 1064 Quamvis
870 999 955 1059 muta
969 1000 1054 1075 igitur

89 1095 123 1135 ex
146 1077 271 1136 lontibus
292 1077 348 1135 auia
367 1076 490 1136 hauserit
513 1088 683 1156 ergummta,
706 1089 796 1140 tamen
820 1082 849 1140 ιιι
873 1083 926 1142 hoc
953 1086 1053 1158 genere

90 1159 181 1220 multo
195 1161 286 1218 minua
299 1177 379 1235 quam
394 1161 422 1218 ιιι
436 1161 519 1222 relus
533 1163 618 1237 geatie
632 1165 774 1224 narrandis
788 1165 821 1223 at
837 1166 947 1226 annales
961 1187 991 1226 ee
1011 1185 1053 1226 ac·

89 1245 279 1308 commodavit,
294 1245 341 1304 aed
357 1243 408 1304 silai
425 1246 518 1319 potine
533 1246 654 1312 imolato
669 1265 725 1306 non
739 1256 771 1308 ut
785 1266 854 1322 quac
869 1251 940 1310 iacta
951 1259 1052 1316 casem,

88 1329 263 1387 confirmaret
284 1357 322 1372 -
343 1328 519 1388 nemetiam
540 1331 710 1390 orationibus
732 1331 878 1406 leguntur.
900 1351 970 1410 quac
993 1335 1052 1409 ipae

88 1412 170 1470 aliter
185 1411 257 1470 lecta
273 1429 333 1470 cere
354 1412 465 1472 tradidit
472 1407 530 1487 ¹⁴⁴).
546 1411 632 1473 multa
650 1431 683 1474 ex
702 1431 805 1481 eorum,
822 1433 893 1491 quoe
908 1417 1052 1492 loquentes
1077 1449 1080 1454 ·

88 1496 168 1560 lacit,
189 1495 288 1554 iudicio
304 1505 351 1554 aut
373 1504 517 1556 extenuata
536 1506 583 1556 aut
603 1499 632 1556 ιιι
646 1500 732 1558 muna
755 1508 833 1560 aucta
847 1509 893 1560 aut
908 1502 1052 1577 depravata

87 1588 165 1644 sunt,
186 1587 218 1636 ut
239 1596 271 1638 ex
291 1578 401 1638 illorum
416 1582 552 1642 sententia
564 1599 620 1641 uon
639 1601 672 1641 cn
690 1582 743 1642 ide
758 1584 888 1644 historica
902 1586 957 1644 sint
972 1588 1051 1644 acati·

87 1663 185 1721 manda
197 1693 248 1727 ·-.
262 1664 311 1722 sed
327 1672 359 1722 ut
371 1681 467 1725 canem
483 1683 575 1725 rerum
592 1683 661 1742 qnae
675 1667 841 1742 gerebantur
857 1669 982 1744 aperiret,
1002 1669 1051 1727 ho·

87 1748 247 1822 minuatque
265 1747 381 1806 connlia
401 1758 430 1807 et
448 1751 646 1825 cagitationes.
673 1750 763 1826 qualia
782 1760 829 1810 aut
847 1753 907 1826 ipee
932 1751 1051 1827 lingebat

86 1831 174 1890 inisse
189 1839 236 1888 aut
251 1832 396 1891 memoriae
410 1834 548 1908 proditum
563 1843 630 1899 erat,
645 1834 811 1910 explanaret.
833 1835 988 1909 ltaquehoe
995 1853 1051 1894 ma·

86 1915 156 1972 ιιιιιι
170 1915 252 1973 modo
273 1913 409 1974 bellorum
430 1925 458 1975 ct
474 1919 684 1994 expeditionum,
698 1917 790 1992 legum
808 1919 1050 1994 institutorumque

85 1999 207 2056 rationes
233 1998 416 2065 declarentur,
441 2015 533 2060 meree
555 2009 584 2060 et
609 2001 699 2060 studia
723 2000 902 2077 populorum.
930 2011 1048 2068 amatus,

85 2083 311 2158 magistratuum,
330 2084 443 2149 dueum,
459 2085 626 2144 divmarum
640 2085 669 2142 in
682 2102 712 2144 re
726 2083 835 2160 ptrhlica
849 2094 895 2144 aut
909 2087 938 2143 in
953 2093 1049 2146 acuatu

84 2166 205 2242 partium
220 2167 372 2226 tententiae
385 2176 414 2225 et
427 2167 596 2233 voluntates,
613 2185 681 2242 quae
695 2185 853 2243 magnarum
868 2170 1047 2230 mutationum

84 2267 181 2308 caueae
198 2250 377 2315 exstiterunt.
394 2251 562 2327 explicantur
582 2260 611 2310 et
625 2251 793 2326 legentihuu
813 2261 845 2312 ut
860 2270 963 2318 corum,
980 2269 1049 2328 quae

85 2334 156 2392 laeta
172 2341 237 2392 sunt
251 2343 298 2391 aut
313 2343 454 2409 geruntur.
469 2352 567 2394 nerum
584 2335 702 2410 iutmligi
716 2337 832 2412 pcaeint,
848 2345 1047 2413 proponuntur.

83 2419 119 2474 At
133 2434 200 2476 vero
226 2418 247 2473 ii
273 2425 377 2476 tentum
399 2420 561 2494 scriptores,
587 2421 635 2495 qui
656 2420 710 2495 ipai
727 2420 754 2476 in
774 2437 805 2479 re
826 2420 935 2494 publice
949 2423 1047 2480 versati
1086 2465 1088 2470 ,

84 2502 213 2559 instituta
235 2501 352 2560 eivitatia
369 2503 481 2577 cognita
499 2502 601 2561 habent
621 2503 761 2577 civiliaque
783 2503 944 2577 parientiae
964 2521 994 2562 ne
1008 2506 1047 2561 rei

84 2585 211 2643 militaris
235 2584 317 2660 periti
334 2593 412 2651 aunt.
428 2593 456 2644 et
470 2587 497 2643 ιιι
513 2587 547 2643 iia
565 2595 672 2644 tantum
685 2585 781 2651 relius,
798 2603 868 2660 quae
883 2595 929 2646 aut
942 2587 996 2662 ipai
1009 2588 1045 2645 vi·

84 2670 184 2726 derunt
200 2677 247 2727 aut
261 2686 295 2727 en
307 2667 359 2727 title
373 2669 463 2745 dignis
479 2670 621 2728 autoribus
640 2677 750 2744 accepta
770 2670 946 2728 aestimarunt
960 2679 989 2729 et
1003 2689 1046 2730 ex·

84 2754 252 2817 aminarunt.
272 2770 367 2812 canaan
386 2770 478 2812 rerum
495 2754 670 2830 iuuenesque
689 2753 743 2812 hoc
765 2755 846 2814 modo
868 2754 1002 2832 explicere
1019 2765 1048 2814 et

85 2834 207 2910 legentm
227 2838 306 2914 menei
326 2837 354 2894 in
369 2837 470 2896 medias
488 2855 533 2896 ree
549 2837 676 2896 inducere
696 2847 819 2913 possunt.
852 2837 924 2907 Quae
943 2857 1004 2898 cum
1018 2841 1046 2897 in

84 2920 158 2977 tirio
174 2919 305 2995 pleraque
321 2938 376 2978 nen
390 2928 498 2985 creent,
515 2920 544 2978 iu
557 2921 591 2980 iia
606 2922 713 2998 qudem
727 2922 917 2986 conuentibus.
931 2941 1045 2998 quorum

84 3011 273 3078 argumentare
296 3003 408 3079 Polybio
423 3005 528 3068 haurit,
548 3005 632 3064 multa
647 3006 753 3070 ineunt.
775 3025 845 3083 quee
863 3006 945 3066 rebus
960 3009 1044 3082 gentis

83 3083 171 3145 lucem
189 3087 301 3146 ailerant
324 3105 471 3165 metamque
494 3105 590 3148 cauam
614 3089 769 3156 illustrent3
797 3099 825 3150 et
850 3092 878 3148 iu
897 3091 1044 3155 nonnullis,

84 3187 152 3244 quae
163 3188 197 3228 ex
210 3172 361 3246 peritomtm
370 3173 535 3248 scriptorum
545 3173 623 3232 lileris
638 3167 761 3250 sumptae
775 3191 878 3249 primae
893 3174 987 3232 eimedi
995 3168 1045 3248 ¹⁴⁵)

85 3253 202 3312 insertae
217 3263 290 3320 annet,
309 3256 436 3315 instituta
449 3258 548 3316 veteris
563 3258 604 3315 rei
628 3257 752 3333 publicae
775 3265 849 3315 recte
866 3255 1036 3335 explicentur

153 3450 210 3509 teti
229 3454 372 3504 Lachmann.
386 3455 404 3511 l.
419 3453 481 3511 121;
494 3457 523 3513 lt,
537 3453 592 3506 tlt.

153 3519 210 3581 145)
229 3521 278 3571 tte.
292 3522 327 3578 tv,
340 3521 356 3570 2
368 3536 433 3585 sqq.;
445 3523 472 3578 ll.
485 3521 500 3569 7
513 3537 548 3587 aq.
563 3523 602 3574 all.

124 3601 149 3634 r.
164 3601 224 3636 ervi
238 3603 306 3638 rana
320 3603 339 3636 1.
