<?xml version="1.0" encoding="UTF-8"?>
<!DOCTYPE html PUBLIC "-//W3C//DTD XHTML 1.0 Transitional//EN"
    "http://www.w3.org/TR/xhtml1/DTD/xhtml1-transitional.dtd">
<html xmlns="http://www.w3.org/1999/xhtml" xml:lang="en" lang="en">
 <head>
  <title>
</title>
<meta http-equiv="Content-Type" content="text/html;charset=utf-8" />
  <meta name='ocr-system' content='tesseract 3.04.00' />
  <meta name='ocr-capabilities' content='ocr_page ocr_carea ocr_par ocr_line ocrx_word'/>
</head>
<body>
  <div class='ocr_page' id='page_1' title='image "./aburbeconditali01rossgoog_0287.png"; bbox 0 0 2580 3954; ppageno 0'>
   <div class='ocr_carea' id='block_1_1' title="bbox 302 183 1106 269">
    <p class='ocr_par' dir='ltr' id='par_1_1' title="bbox 302 183 1106 269">
     <span class='ocr_line' id='line_1_1' title="bbox 302 183 1106 269; baseline 0.012 -25"><span class='ocrx_word' id='word_1_1' title='bbox 302 203 396 246; x_wconf 82' lang='lat' dir='ltr'><strong>urana</strong></span> <span class='ocrx_word' id='word_1_2' title='bbox 414 205 463 246; x_wconf 90' lang='lat'><strong>111.</strong></span> <span class='ocrx_word' id='word_1_3' title='bbox 492 203 561 246; x_wconf 79' lang='lat' dir='ltr'><strong>can.</strong></span> <span class='ocrx_word' id='word_1_4' title='bbox 577 195 621 250; x_wconf 77' lang='lat' dir='ltr'><strong>il.</strong></span> <span class='ocrx_word' id='word_1_5' title='bbox 638 195 682 248; x_wconf 76' lang='lat' dir='ltr'><strong>il.</strong></span> <span class='ocrx_word' id='word_1_6' title='bbox 712 183 753 269; x_wconf 83' lang='lat' dir='ltr'><strong>[a.</strong></span> <span class='ocrx_word' id='word_1_7' title='bbox 772 187 806 248; x_wconf 83' lang='grc' dir='ltr'><strong>Ο.</strong></span> <span class='ocrx_word' id='word_1_8' title='bbox 820 197 882 253; x_wconf 77' lang='lat' dir='ltr'><strong>itti.</strong></span> <span class='ocrx_word' id='word_1_9' title='bbox 897 189 961 266; x_wconf 78' lang='lat'><strong>459]</strong></span> <span class='ocrx_word' id='word_1_10' title='bbox 1046 197 1106 257; x_wconf 84' lang='grc'><strong>147</strong></span> 
     </span>
    </p>
   </div>
   <div class='ocr_carea' id='block_1_2' title="bbox 94 352 1166 3571">
    <p class='ocr_par' dir='ltr' id='par_1_2' title="bbox 94 352 1166 3571">
     <span class='ocr_line' id='line_1_2' title="bbox 152 352 1106 436; baseline 0.006 -23"><span class='ocrx_word' id='word_1_11' title='bbox 152 352 306 428; x_wconf 81' lang='lat' dir='ltr'><strong>namque,</strong></span> <span class='ocrx_word' id='word_1_12' title='bbox 323 367 399 428; x_wconf 88' lang='lat' dir='ltr'><strong>quae</strong></span> <span class='ocrx_word' id='word_1_13' title='bbox 414 369 451 412; x_wconf 85' lang='lat' dir='ltr'><strong>ex</strong></span> <span class='ocrx_word' id='word_1_14' title='bbox 467 355 636 415; x_wconf 79' lang='lat' dir='ltr'><strong>continuato</strong></span> <span class='ocrx_word' id='word_1_15' title='bbox 652 372 688 416; x_wconf 88' lang='lat' dir='ltr'><strong>eo</strong></span> <span class='ocrx_word' id='word_1_16' title='bbox 702 354 893 434; x_wconf 85' lang='lat' dir='ltr'><strong>inpenderet,</strong></span> <span class='ocrx_word' id='word_1_17' title='bbox 914 354 1037 418; x_wconf 87' lang='lat' dir='ltr'><strong>levatam</strong></span> <span class='ocrx_word' id='word_1_18' title='bbox 1051 375 1106 436; x_wconf 90' lang='lat' dir='ltr'><strong>pu·</strong></span> 
     </span>
     <span class='ocr_line' id='line_1_3' title="bbox 150 437 1141 516; baseline 0.007 -21"><span class='ocrx_word' id='word_1_19' title='bbox 150 443 242 496; x_wconf 87' lang='lat' dir='ltr'><strong>tem.“</strong></span> <span class='ocrx_word' id='word_1_20' title='bbox 276 437 471 498; x_wconf 84' lang='lat' dir='ltr'><strong>communiter</strong></span> <span class='ocrx_word' id='word_1_21' title='bbox 492 437 563 503; x_wconf 87' lang='lat' dir='ltr'><strong>inde</strong></span> <span class='ocrx_word' id='word_1_22' title='bbox 583 437 718 509; x_wconf 71' lang='lat' dir='ltr'><strong>ommni,</strong></span> <span class='ocrx_word' id='word_1_23' title='bbox 741 456 780 500; x_wconf 88' lang='lat' dir='ltr'><strong>ue</strong></span> <span class='ocrx_word' id='word_1_24' title='bbox 800 439 866 516; x_wconf 87' lang='lat' dir='ltr'><strong>quis</strong></span> <span class='ocrx_word' id='word_1_25' title='bbox 886 438 919 500; x_wconf 88' lang='lat' dir='ltr'><strong>L.</strong></span> <span class='ocrx_word' id='word_1_26' title='bbox 938 437 1141 510; x_wconf 82' lang='lat' dir='ltr'><strong>Quinotiuma</strong></span> 
     </span>
     <span class='ocr_line' id='line_1_4' title="bbox 151 516 1106 602; baseline 0.006 -24"><span class='ocrx_word' id='word_1_27' title='bbox 151 516 304 579; x_wconf 82' lang='lat' dir='ltr'><strong>consulem</strong></span> <span class='ocrx_word' id='word_1_28' title='bbox 325 518 451 588; x_wconf 80' lang='lat' dir='ltr'><strong>iaceret:</strong></span> <span class='ocrx_word' id='word_1_29' title='bbox 471 520 498 582; x_wconf 89' lang='lat' dir='ltr'><strong>si</strong></span> <span class='ocrx_word' id='word_1_30' title='bbox 519 522 588 598; x_wconf 88' lang='lat' dir='ltr'><strong>quis</strong></span> <span class='ocrx_word' id='word_1_31' title='bbox 606 521 739 592; x_wconf 72' lang='lat' dir='ltr'><strong>lecisset,</strong></span> <span class='ocrx_word' id='word_1_32' title='bbox 761 539 794 586; x_wconf 85' lang='lat' dir='ltr'><strong>se</strong></span> <span class='ocrx_word' id='word_1_33' title='bbox 810 522 841 583; x_wconf 90' lang='lat' dir='ltr'><strong>id</strong></span> <span class='ocrx_word' id='word_1_34' title='bbox 855 523 1027 602; x_wconf 78' lang='lat' dir='ltr'><strong>suffragium</strong></span> <span class='ocrx_word' id='word_1_35' title='bbox 1045 541 1106 586; x_wconf 89' lang='lat' dir='ltr'><strong>non</strong></span> 
     </span>
     <span class='ocr_line' id='line_1_5' title="bbox 150 600 1119 686; baseline 0.001 -23"><span class='ocrx_word' id='word_1_36' title='bbox 150 600 368 664; x_wconf 82' lang='lat' dir='ltr'><strong>observaturos.</strong></span> <span class='ocrx_word' id='word_1_37' title='bbox 1117 681 1119 686; x_wconf 23' lang='grc' dir='ltr'>Ι</span> 
     </span>
     <span class='ocr_line' id='line_1_6' title="bbox 212 683 1139 758; baseline 0.004 -11"><span class='ocrx_word' id='word_1_38' title='bbox 212 685 300 747; x_wconf 73' lang='lat' dir='ltr'><strong>unu.</strong></span> <span class='ocrx_word' id='word_1_39' title='bbox 330 685 472 748; x_wconf 79' lang='lat' dir='ltr'><strong>Consules</strong></span> <span class='ocrx_word' id='word_1_40' title='bbox 493 691 586 750; x_wconf 82' lang='lat' dir='ltr'><strong>creati</strong></span> <span class='ocrx_word' id='word_1_41' title='bbox 606 687 640 758; x_wconf 83' lang='lat' dir='ltr'><strong>Q.</strong></span> <span class='ocrx_word' id='word_1_42' title='bbox 655 687 764 751; x_wconf 69' lang='lat' dir='ltr'><strong>neotus</strong></span> <span class='ocrx_word' id='word_1_43' title='bbox 788 683 949 752; x_wconf 76' lang='lat' dir='ltr'><strong>Vitalianus</strong></span> <span class='ocrx_word' id='word_1_44' title='bbox 970 692 1057 752; x_wconf 87' lang='lat' dir='ltr'><strong>tertio</strong></span> <span class='ocrx_word' id='word_1_45' title='bbox 1078 698 1139 752; x_wconf 86' lang='lat' dir='ltr'><strong>att</strong></span> 
     </span>
     <span class='ocr_line' id='line_1_7' title="bbox 150 769 1107 850; baseline 0.002 -18"><span class='ocrx_word' id='word_1_46' title='bbox 150 769 181 832; x_wconf 84' lang='lat' dir='ltr'><strong>L.</strong></span> <span class='ocrx_word' id='word_1_47' title='bbox 195 769 350 832; x_wconf 82' lang='lat' dir='ltr'><strong>tlmnelias</strong></span> <span class='ocrx_word' id='word_1_48' title='bbox 361 769 581 850; x_wconf 66' lang='lat' dir='ltr'><strong>Maluginensis.</strong></span> <span class='ocrx_word' id='word_1_49' title='bbox 605 789 712 834; x_wconf 77' lang='lat' dir='ltr'><strong>onustos</strong></span> <span class='ocrx_word' id='word_1_50' title='bbox 726 781 809 834; x_wconf 86' lang='lat' dir='ltr'><strong>aetus</strong></span> <span class='ocrx_word' id='word_1_51' title='bbox 825 792 861 834; x_wconf 89' lang='lat' dir='ltr'><strong>eo</strong></span> <span class='ocrx_word' id='word_1_52' title='bbox 872 791 960 835; x_wconf 86' lang='lat' dir='ltr'><strong>anno.</strong></span> <span class='ocrx_word' id='word_1_53' title='bbox 981 772 1107 835; x_wconf 88' lang='lat' dir='ltr'><strong>lustrum</strong></span> 
     </span>
     <span class='ocr_line' id='line_1_8' title="bbox 148 853 1106 998; baseline 0.006 -85"><span class='ocrx_word' id='word_1_54' title='bbox 148 861 272 998; x_wconf 73' lang='lat' dir='ltr'><strong>propter</strong></span> <span class='ocrx_word' id='word_1_55' title='bbox 287 853 462 997; x_wconf 41' lang='lat' dir='ltr'><strong>Capitolium</strong></span> <span class='ocrx_word' id='word_1_56' title='bbox 479 864 613 935; x_wconf 78' lang='lat' dir='ltr'><strong>eaptann,</strong></span> <span class='ocrx_word' id='word_1_57' title='bbox 634 855 789 918; x_wconf 80' lang='lat' dir='ltr'><strong>censariam</strong></span> <span class='ocrx_word' id='word_1_58' title='bbox 805 859 937 919; x_wconf 85' lang='lat' dir='ltr'><strong>oeeisum</strong></span> <span class='ocrx_word' id='word_1_59' title='bbox 953 857 1042 919; x_wconf 85' lang='lat' dir='ltr'><strong>condi</strong></span> <span class='ocrx_word' id='word_1_60' title='bbox 1058 875 1106 918; x_wconf 88' lang='lat' dir='ltr'><strong>re·</strong></span> 
     </span>
     <span class='ocr_line' id='line_1_9' title="bbox 160 937 891 998; baseline -0.01 0"><span class='ocrx_word' id='word_1_61' title='bbox 160 939 170 998; x_wconf 91' lang='lat' dir='ltr'><strong>i</strong></span> <span class='ocrx_word' id='word_1_62' title='bbox 192 937 288 998; x_wconf 82' lang='lat' dir='ltr'><strong>&#39;osum</strong></span> <span class='ocrx_word' id='word_1_63' title='bbox 347 943 368 998; x_wconf 93' lang='lat' dir='ltr'><strong>t.</strong></span> <span class='ocrx_word' id='word_1_64' title='bbox 888 985 891 991; x_wconf 89' lang='lat'><strong>.</strong></span> 
     </span>
     <span class='ocr_line' id='line_1_10' title="bbox 172 953 1139 1104; baseline 0 -22"><span class='ocrx_word' id='word_1_65' title='bbox 172 953 321 1090; x_wconf 73' lang='lat' dir='ltr'><strong>gl(latitate</strong></span> <span class='ocrx_word' id='word_1_66' title='bbox 341 1021 433 1083; x_wconf 75' lang='lat' dir='ltr'><strong>l&#39;aloio</strong></span> <span class='ocrx_word' id='word_1_67' title='bbox 459 1021 492 1084; x_wconf 80' lang='lat' dir='ltr'><strong>t.</strong></span> <span class='ocrx_word' id='word_1_68' title='bbox 511 1021 653 1084; x_wconf 81' lang='lat' dir='ltr'><strong>tiernelio</strong></span> <span class='ocrx_word' id='word_1_69' title='bbox 675 1023 846 1086; x_wconf 86' lang='lat' dir='ltr'><strong>oonsulibus</strong></span> <span class='ocrx_word' id='word_1_70' title='bbox 867 1025 1015 1104; x_wconf 75' lang='lat' dir='ltr'><strong>principio</strong></span> <span class='ocrx_word' id='word_1_71' title='bbox 1036 1025 1139 1084; x_wconf 80' lang='lat' dir='ltr'><strong>amia</strong></span> 
     </span>
     <span class='ocr_line' id='line_1_11' title="bbox 148 1104 1104 1186; baseline -0.001 -18"><span class='ocrx_word' id='word_1_72' title='bbox 148 1106 245 1168; x_wconf 86' lang='lat' dir='ltr'><strong>statim</strong></span> <span class='ocrx_word' id='word_1_73' title='bbox 266 1123 316 1166; x_wconf 87' lang='lat' dir='ltr'><strong>res</strong></span> <span class='ocrx_word' id='word_1_74' title='bbox 338 1104 532 1168; x_wconf 77' lang='lat' dir='ltr'><strong>turbrrlentae.</strong></span> <span class='ocrx_word' id='word_1_75' title='bbox 564 1106 744 1184; x_wconf 81' lang='lat' dir='ltr'><strong>instigabant</strong></span> <span class='ocrx_word' id='word_1_76' title='bbox 757 1107 875 1186; x_wconf 78' lang='lat' dir='ltr'>plebem</span> <span class='ocrx_word' id='word_1_77' title='bbox 890 1107 1011 1168; x_wconf 91' lang='lat' dir='ltr'><strong>tribuni.</strong></span> <span class='ocrx_word' id='word_1_78' title='bbox 1029 1106 1104 1169; x_wconf 82' lang='lat' dir='ltr'><strong>ieel-</strong></span> 
     </span>
     <span class='ocr_line' id='line_1_12' title="bbox 146 1188 1105 1269; baseline 0.002 -19"><span class='ocrx_word' id='word_1_79' title='bbox 146 1188 209 1250; x_wconf 88' lang='lat' dir='ltr'><strong>lum</strong></span> <span class='ocrx_word' id='word_1_80' title='bbox 229 1190 334 1267; x_wconf 82' lang='lat' dir='ltr'><strong>ingens</strong></span> <span class='ocrx_word' id='word_1_81' title='bbox 350 1188 494 1250; x_wconf 73' lang='lat' dir='ltr'><strong>a&#39;Volsols</strong></span> <span class='ocrx_word' id='word_1_82' title='bbox 509 1198 539 1252; x_wconf 90' lang='lat' dir='ltr'><strong>et</strong></span> <span class='ocrx_word' id='word_1_83' title='bbox 551 1191 660 1268; x_wconf 78' lang='lat' dir='ltr'><strong>leque</strong></span> <span class='ocrx_word' id='word_1_84' title='bbox 676 1191 772 1252; x_wconf 89' lang='lat' dir='ltr'><strong>Latini</strong></span> <span class='ocrx_word' id='word_1_85' title='bbox 790 1199 878 1269; x_wconf 91' lang='lat' dir='ltr'><strong>atque</strong></span> <span class='ocrx_word' id='word_1_86' title='bbox 891 1191 1014 1252; x_wconf 87' lang='lat' dir='ltr'><strong>lleruiei</strong></span> <span class='ocrx_word' id='word_1_87' title='bbox 1029 1208 1105 1252; x_wconf 90' lang='lat' dir='ltr'><strong>nun·</strong></span> 
     </span>
     <span class='ocr_line' id='line_1_13' title="bbox 146 1273 1105 1353; baseline 0 -19"><span class='ocrx_word' id='word_1_88' title='bbox 146 1273 275 1335; x_wconf 83' lang='lat' dir='ltr'><strong>liabent:</strong></span> <span class='ocrx_word' id='word_1_89' title='bbox 303 1275 363 1334; x_wconf 92' lang='lat' dir='ltr'><strong>iam</strong></span> <span class='ocrx_word' id='word_1_90' title='bbox 388 1274 467 1334; x_wconf 82' lang='lat' dir='ltr'><strong>Antii</strong></span> <span class='ocrx_word' id='word_1_91' title='bbox 492 1273 666 1336; x_wconf 80' lang='lat' dir='ltr'><strong>Volscorum</strong></span> <span class='ocrx_word' id='word_1_92' title='bbox 690 1273 825 1353; x_wconf 78' lang='lat' dir='ltr'><strong>legiones</strong></span> <span class='ocrx_word' id='word_1_93' title='bbox 849 1293 925 1337; x_wconf 88' lang='lat' dir='ltr'><strong>esse.</strong></span> <span class='ocrx_word' id='word_1_94' title='bbox 961 1281 991 1335; x_wconf 92' lang='lat' dir='ltr'><strong>et</strong></span> <span class='ocrx_word' id='word_1_95' title='bbox 1009 1275 1105 1352; x_wconf 81' lang='lat' dir='ltr'>ipsam</span> 
     </span>
     <span class='ocr_line' id='line_1_14' title="bbox 147 1357 1104 1436; baseline -0.002 -16"><span class='ocrx_word' id='word_1_96' title='bbox 147 1357 295 1420; x_wconf 83' lang='lat' dir='ltr'><strong>coloniam</strong></span> <span class='ocrx_word' id='word_1_97' title='bbox 314 1359 421 1436; x_wconf 85' lang='lat' dir='ltr'><strong>ingens</strong></span> <span class='ocrx_word' id='word_1_98' title='bbox 444 1365 541 1420; x_wconf 77' lang='lat' dir='ltr'><strong>ments</strong></span> <span class='ocrx_word' id='word_1_99' title='bbox 556 1366 620 1420; x_wconf 88' lang='lat' dir='ltr'><strong>erat</strong></span> <span class='ocrx_word' id='word_1_100' title='bbox 635 1359 833 1428; x_wconf 67' lang='lat' dir='ltr'><strong>defecturam</strong></span> <span class='ocrx_word' id='word_1_101' title='bbox 857 1373 1006 1436; x_wconf 70' lang='lat' dir='ltr'><strong>aegreque</strong></span> <span class='ocrx_word' id='word_1_102' title='bbox 1020 1359 1104 1436; x_wconf 87' lang='lat' dir='ltr'><strong>inpe-</strong></span> 
     </span>
     <span class='ocr_line' id='line_1_15' title="bbox 146 1441 1139 1522; baseline -0.003 -18"><span class='ocrx_word' id='word_1_103' title='bbox 146 1450 255 1504; x_wconf 81' lang='lat' dir='ltr'>tratum</span> <span class='ocrx_word' id='word_1_104' title='bbox 272 1461 289 1503; x_wconf 94' lang='lat' dir='ltr'><strong>a</strong></span> <span class='ocrx_word' id='word_1_105' title='bbox 305 1441 443 1513; x_wconf 80' lang='lat' dir='ltr'><strong>uibunis,</strong></span> <span class='ocrx_word' id='word_1_106' title='bbox 459 1449 492 1503; x_wconf 89' lang='lat' dir='ltr'><strong>ut</strong></span> <span class='ocrx_word' id='word_1_107' title='bbox 504 1441 616 1504; x_wconf 88' lang='lat' dir='ltr'><strong>bellum</strong></span> <span class='ocrx_word' id='word_1_108' title='bbox 633 1444 782 1522; x_wconf 86' lang='lat' dir='ltr'><strong>praeverti</strong></span> <span class='ocrx_word' id='word_1_109' title='bbox 798 1443 941 1506; x_wconf 84' lang='lat' dir='ltr'><strong>sinerent</strong></span> <span class='ocrx_word' id='word_1_110' title='bbox 968 1441 1105 1503; x_wconf 78' lang='lat' dir='ltr'><strong>eousailes</strong></span> <span class='ocrx_word' id='word_1_111' title='bbox 1122 1448 1139 1500; x_wconf 84' lang='lat' dir='ltr'><strong>t</strong></span> 
     </span>
     <span class='ocr_line' id='line_1_16' title="bbox 147 1525 1104 1605; baseline -0.003 -17"><span class='ocrx_word' id='word_1_112' title='bbox 147 1526 216 1588; x_wconf 89' lang='lat' dir='ltr'><strong>inde</strong></span> <span class='ocrx_word' id='word_1_113' title='bbox 233 1527 334 1605; x_wconf 87' lang='lat' dir='ltr'><strong>partiti</strong></span> <span class='ocrx_word' id='word_1_114' title='bbox 348 1528 530 1605; x_wconf 80' lang='lat' dir='ltr'><strong>provincias:</strong></span> <span class='ocrx_word' id='word_1_115' title='bbox 555 1525 664 1597; x_wconf 86' lang='lat' dir='ltr'><strong>Fabio,</strong></span> <span class='ocrx_word' id='word_1_116' title='bbox 686 1526 866 1605; x_wconf 78' lang='lat' dir='ltr'><strong>utlegiones</strong></span> <span class='ocrx_word' id='word_1_117' title='bbox 880 1527 1000 1589; x_wconf 78' lang='lat' dir='ltr'><strong>Antium</strong></span> <span class='ocrx_word' id='word_1_118' title='bbox 1016 1525 1104 1588; x_wconf 88' lang='lat' dir='ltr'><strong>duee·</strong></span> 
     </span>
     <span class='ocr_line' id='line_1_17' title="bbox 146 1609 1104 1690; baseline -0.002 -19"><span class='ocrx_word' id='word_1_119' title='bbox 146 1616 207 1681; x_wconf 88' lang='lat' dir='ltr'><strong>ret,</strong></span> <span class='ocrx_word' id='word_1_120' title='bbox 230 1610 346 1681; x_wconf 88' lang='lat' dir='ltr'><strong>datum,</strong></span> <span class='ocrx_word' id='word_1_121' title='bbox 371 1609 524 1672; x_wconf 78' lang='lat' dir='ltr'><strong>Cornelius</strong></span> <span class='ocrx_word' id='word_1_122' title='bbox 541 1618 574 1672; x_wconf 93' lang='lat' dir='ltr'><strong>ut</strong></span> <span class='ocrx_word' id='word_1_123' title='bbox 586 1610 697 1673; x_wconf 81' lang='lat' dir='ltr'><strong>llomae</strong></span> <span class='ocrx_word' id='word_1_124' title='bbox 710 1611 860 1690; x_wconf 90' lang='lat' dir='ltr'><strong>praesidio</strong></span> <span class='ocrx_word' id='word_1_125' title='bbox 876 1619 969 1681; x_wconf 86' lang='lat' dir='ltr'><strong>asset,</strong></span> <span class='ocrx_word' id='word_1_126' title='bbox 991 1627 1029 1672; x_wconf 93' lang='lat' dir='ltr'><strong>ne</strong></span> <span class='ocrx_word' id='word_1_127' title='bbox 1046 1627 1104 1687; x_wconf 89' lang='lat' dir='ltr'><strong>qua</strong></span> 
     </span>
     <span class='ocr_line' id='line_1_18' title="bbox 145 1694 1103 1774; baseline -0.003 -18"><span class='ocrx_word' id='word_1_128' title='bbox 145 1712 216 1774; x_wconf 85' lang='lat' dir='ltr'><strong>pars</strong></span> <span class='ocrx_word' id='word_1_129' title='bbox 231 1694 375 1766; x_wconf 87' lang='lat' dir='ltr'><strong>hostium,</strong></span> <span class='ocrx_word' id='word_1_130' title='bbox 391 1697 442 1772; x_wconf 91' lang='lat' dir='ltr'><strong>qui</strong></span> <span class='ocrx_word' id='word_1_131' title='bbox 457 1695 567 1773; x_wconf 80' lang='lat' dir='ltr'><strong>Aequis</strong></span> <span class='ocrx_word' id='word_1_132' title='bbox 583 1712 647 1755; x_wconf 91' lang='lat' dir='ltr'><strong>mos</strong></span> <span class='ocrx_word' id='word_1_133' title='bbox 662 1701 738 1765; x_wconf 92' lang='lat' dir='ltr'><strong>erat,</strong></span> <span class='ocrx_word' id='word_1_134' title='bbox 755 1695 792 1756; x_wconf 85' lang='lat' dir='ltr'><strong>ad</strong></span> <span class='ocrx_word' id='word_1_135' title='bbox 806 1694 1009 1774; x_wconf 75' lang='lat' dir='ltr'><strong>populandum</strong></span> <span class='ocrx_word' id='word_1_136' title='bbox 1022 1695 1103 1754; x_wconf 87' lang='lat' dir='ltr'><strong>veni-</strong></span> 
     </span>
     <span class='ocr_line' id='line_1_19' title="bbox 145 1777 1137 1846; baseline -0.002 -8"><span class='ocrx_word' id='word_1_137' title='bbox 145 1785 202 1839; x_wconf 85' lang='lat' dir='ltr'><strong>ret.</strong></span> <span class='ocrx_word' id='word_1_138' title='bbox 221 1778 345 1840; x_wconf 78' lang='lat' dir='ltr'><strong>Hernici</strong></span> <span class='ocrx_word' id='word_1_139' title='bbox 360 1784 390 1839; x_wconf 89' lang='lat' dir='ltr'><strong>et</strong></span> <span class='ocrx_word' id='word_1_140' title='bbox 402 1779 499 1840; x_wconf 90' lang='lat' dir='ltr'><strong>Latini</strong></span> <span class='ocrx_word' id='word_1_141' title='bbox 515 1779 589 1840; x_wconf 90' lang='lat' dir='ltr'><strong>iussi</strong></span> <span class='ocrx_word' id='word_1_142' title='bbox 602 1777 711 1840; x_wconf 79' lang='lat' dir='ltr'><strong>milites</strong></span> <span class='ocrx_word' id='word_1_143' title='bbox 725 1779 797 1840; x_wconf 85' lang='lat' dir='ltr'><strong>dare</strong></span> <span class='ocrx_word' id='word_1_144' title='bbox 811 1798 847 1841; x_wconf 81' lang='lat' dir='ltr'><strong>ea</strong></span> <span class='ocrx_word' id='word_1_145' title='bbox 858 1778 996 1846; x_wconf 84' lang='lat' dir='ltr'><strong>loedere;</strong></span> <span class='ocrx_word' id='word_1_146' title='bbox 1014 1777 1103 1839; x_wconf 86' lang='lat' dir='ltr'><strong>duae·</strong></span> <span class='ocrx_word' id='word_1_147' title='bbox 1120 1788 1137 1836; x_wconf 81' lang='grc'><strong>4</strong></span> 
     </span>
     <span class='ocr_line' id='line_1_20' title="bbox 147 1856 1103 1940; baseline -0.002 -18"><span class='ocrx_word' id='word_1_148' title='bbox 147 1879 205 1940; x_wconf 90' lang='lat' dir='ltr'><strong>que</strong></span> <span class='ocrx_word' id='word_1_149' title='bbox 221 1870 321 1939; x_wconf 88' lang='lat' dir='ltr'><strong>partes</strong></span> <span class='ocrx_word' id='word_1_150' title='bbox 333 1856 487 1922; x_wconf 75' lang='lat' dir='ltr'><strong>sotiorum</strong></span> <span class='ocrx_word' id='word_1_151' title='bbox 501 1864 533 1922; x_wconf 91' lang='lat' dir='ltr'><strong>in</strong></span> <span class='ocrx_word' id='word_1_152' title='bbox 549 1863 690 1932; x_wconf 76' lang='lat' dir='ltr'><strong>exercitu,</strong></span> <span class='ocrx_word' id='word_1_153' title='bbox 708 1863 794 1924; x_wconf 88' lang='lat' dir='ltr'><strong>tertia</strong></span> <span class='ocrx_word' id='word_1_154' title='bbox 811 1864 919 1923; x_wconf 88' lang='lat' dir='ltr'><strong>eivium</strong></span> <span class='ocrx_word' id='word_1_155' title='bbox 937 1862 1002 1922; x_wconf 89' lang='lat' dir='ltr'><strong>luit.</strong></span> <span class='ocrx_word' id='word_1_156' title='bbox 1021 1867 1103 1940; x_wconf 87' lang='lat' dir='ltr'><strong>post·</strong></span> 
     </span>
     <span class='ocr_line' id='line_1_21' title="bbox 128 1943 1103 2026; baseline -0.002 -20"><span class='ocrx_word' id='word_1_157' title='bbox 128 1963 235 2026; x_wconf 85' lang='lat' dir='ltr'><strong>¹quam</strong></span> <span class='ocrx_word' id='word_1_158' title='bbox 256 1944 293 2006; x_wconf 92' lang='lat' dir='ltr'><strong>ad</strong></span> <span class='ocrx_word' id='word_1_159' title='bbox 318 1946 396 2007; x_wconf 87' lang='lat' dir='ltr'><strong>diem</strong></span> <span class='ocrx_word' id='word_1_160' title='bbox 414 1948 621 2026; x_wconf 87' lang='lat' dir='ltr'><strong>praestitutum</strong></span> <span class='ocrx_word' id='word_1_161' title='bbox 640 1953 786 2008; x_wconf 81' lang='lat' dir='ltr'><strong>venerunt</strong></span> <span class='ocrx_word' id='word_1_162' title='bbox 800 1947 887 2016; x_wconf 81' lang='lat' dir='ltr'><strong>socii,</strong></span> <span class='ocrx_word' id='word_1_163' title='bbox 902 1943 1006 2006; x_wconf 87' lang='lat' dir='ltr'><strong>eousul</strong></span> <span class='ocrx_word' id='word_1_164' title='bbox 1022 1950 1103 2005; x_wconf 85' lang='lat' dir='ltr'><strong>eatra</strong></span> 
     </span>
     <span class='ocr_line' id='line_1_22' title="bbox 145 2028 1103 2109; baseline -0.003 -19"><span class='ocrx_word' id='word_1_165' title='bbox 145 2037 262 2108; x_wconf 90' lang='lat' dir='ltr'><strong>portam</strong></span> <span class='ocrx_word' id='word_1_166' title='bbox 274 2029 426 2109; x_wconf 77' lang='lat' dir='ltr'><strong>Capenam</strong></span> <span class='ocrx_word' id='word_1_167' title='bbox 443 2037 538 2092; x_wconf 86' lang='lat' dir='ltr'><strong>eastra</strong></span> <span class='ocrx_word' id='word_1_168' title='bbox 552 2028 638 2090; x_wconf 86' lang='lat' dir='ltr'><strong>locat</strong></span> <span class='ocrx_word' id='word_1_169' title='bbox 668 2029 737 2090; x_wconf 87' lang='lat' dir='ltr'><strong>inde</strong></span> <span class='ocrx_word' id='word_1_170' title='bbox 757 2028 880 2091; x_wconf 86' lang='lat' dir='ltr'><strong>lustrato</strong></span> <span class='ocrx_word' id='word_1_171' title='bbox 892 2029 1028 2090; x_wconf 80' lang='lat' dir='ltr'><strong>eaeroitu</strong></span> <span class='ocrx_word' id='word_1_172' title='bbox 1044 2029 1103 2088; x_wconf 79' lang='lat' dir='ltr'><strong>lu·</strong></span> 
     </span>
     <span class='ocr_line' id='line_1_23' title="bbox 145 2111 1103 2192; baseline -0.004 -18"><span class='ocrx_word' id='word_1_173' title='bbox 145 2115 219 2174; x_wconf 91' lang='lat' dir='ltr'><strong>tium</strong></span> <span class='ocrx_word' id='word_1_174' title='bbox 238 2113 389 2190; x_wconf 80' lang='lat' dir='ltr'><strong>proiectus</strong></span> <span class='ocrx_word' id='word_1_175' title='bbox 415 2112 495 2174; x_wconf 87' lang='lat' dir='ltr'><strong>haud</strong></span> <span class='ocrx_word' id='word_1_176' title='bbox 516 2111 620 2192; x_wconf 81' lang='lat' dir='ltr'><strong>proorrl</strong></span> <span class='ocrx_word' id='word_1_177' title='bbox 645 2113 755 2192; x_wconf 90' lang='lat' dir='ltr'><strong>oppido</strong></span> <span class='ocrx_word' id='word_1_178' title='bbox 776 2115 945 2190; x_wconf 83' lang='lat' dir='ltr'><strong>stativisque</strong></span> <span class='ocrx_word' id='word_1_179' title='bbox 971 2111 1103 2173; x_wconf 84' lang='lat' dir='ltr'><strong>laostium</strong></span> 
     </span>
     <span class='ocr_line' id='line_1_24' title="bbox 146 2195 1166 2274; baseline -0.004 -16"><span class='ocrx_word' id='word_1_180' title='bbox 146 2195 286 2258; x_wconf 82' lang='lat' dir='ltr'><strong>consedit.</strong></span> <span class='ocrx_word' id='word_1_181' title='bbox 316 2195 374 2259; x_wconf 86' lang='lat' dir='ltr'><strong>Ubi</strong></span> <span class='ocrx_word' id='word_1_182' title='bbox 395 2215 463 2258; x_wconf 86' lang='lat' dir='ltr'><strong>eam</strong></span> <span class='ocrx_word' id='word_1_183' title='bbox 482 2197 595 2267; x_wconf 88' lang='lat' dir='ltr'><strong>Volsei,</strong></span> <span class='ocrx_word' id='word_1_184' title='bbox 623 2199 692 2274; x_wconf 89' lang='lat' dir='ltr'><strong>quia</strong></span> <span class='ocrx_word' id='word_1_185' title='bbox 713 2197 846 2258; x_wconf 86' lang='lat' dir='ltr'><strong>nondum</strong></span> <span class='ocrx_word' id='word_1_186' title='bbox 865 2196 903 2258; x_wconf 85' lang='lat' dir='ltr'><strong>ab</strong></span> <span class='ocrx_word' id='word_1_187' title='bbox 921 2197 1033 2274; x_wconf 75' lang='lat' dir='ltr'><strong>laquis</strong></span> <span class='ocrx_word' id='word_1_188' title='bbox 1053 2213 1102 2256; x_wconf 85' lang='lat' dir='ltr'><strong>ve·</strong></span> <span class='ocrx_word' id='word_1_189' title='bbox 1119 2197 1135 2247; x_wconf 89' lang='lat'>5</span> <span class='ocrx_word' id='word_1_190' title='bbox 1163 2249 1166 2254; x_wconf 94' lang='grc'>.</span> 
     </span>
     <span class='ocr_line' id='line_1_25' title="bbox 145 2278 1103 2359; baseline -0.002 -19"><span class='ocrx_word' id='word_1_191' title='bbox 145 2283 238 2342; x_wconf 89' lang='lat' dir='ltr'><strong>nisset</strong></span> <span class='ocrx_word' id='word_1_192' title='bbox 258 2282 420 2351; x_wconf 86' lang='lat' dir='ltr'><strong>exercitus,</strong></span> <span class='ocrx_word' id='word_1_193' title='bbox 444 2281 586 2342; x_wconf 86' lang='lat' dir='ltr'><strong>dimicare</strong></span> <span class='ocrx_word' id='word_1_194' title='bbox 615 2299 676 2342; x_wconf 90' lang='lat' dir='ltr'><strong>non</strong></span> <span class='ocrx_word' id='word_1_195' title='bbox 701 2283 779 2352; x_wconf 91' lang='lat' dir='ltr'><strong>ausi,</strong></span> <span class='ocrx_word' id='word_1_196' title='bbox 809 2297 897 2359; x_wconf 90' lang='lat' dir='ltr'><strong>quem</strong></span> <span class='ocrx_word' id='word_1_197' title='bbox 918 2280 956 2341; x_wconf 90' lang='lat' dir='ltr'><strong>ad</strong></span> <span class='ocrx_word' id='word_1_198' title='bbox 982 2278 1103 2340; x_wconf 90' lang='lat' dir='ltr'><strong>modum</strong></span> 
     </span>
     <span class='ocr_line' id='line_1_26' title="bbox 145 2362 1103 2444; baseline -0.002 -19"><span class='ocrx_word' id='word_1_199' title='bbox 145 2366 237 2444; x_wconf 88' lang='lat' dir='ltr'><strong>quieti</strong></span> <span class='ocrx_word' id='word_1_200' title='bbox 256 2363 334 2425; x_wconf 81' lang='lat' dir='ltr'><strong>uallo</strong></span> <span class='ocrx_word' id='word_1_201' title='bbox 354 2383 386 2426; x_wconf 89' lang='lat' dir='ltr'><strong>se</strong></span> <span class='ocrx_word' id='word_1_202' title='bbox 406 2372 588 2434; x_wconf 84' lang='lat' dir='ltr'><strong>tutarentur,</strong></span> <span class='ocrx_word' id='word_1_203' title='bbox 610 2372 764 2444; x_wconf 82' lang='lat' dir='ltr'><strong>pararent,</strong></span> <span class='ocrx_word' id='word_1_204' title='bbox 788 2372 908 2444; x_wconf 86' lang='lat' dir='ltr'><strong>postero</strong></span> <span class='ocrx_word' id='word_1_205' title='bbox 931 2365 979 2426; x_wconf 89' lang='lat' dir='ltr'><strong>die</strong></span> <span class='ocrx_word' id='word_1_206' title='bbox 994 2362 1103 2425; x_wconf 80' lang='lat' dir='ltr'>Fabius</span> 
     </span>
     <span class='ocr_line' id='line_1_27' title="bbox 142 2448 1103 2527; baseline -0.003 -17"><span class='ocrx_word' id='word_1_207' title='bbox 142 2451 206 2510; x_wconf 70' lang='lat' dir='ltr'><strong>&#39;nou</strong></span> <span class='ocrx_word' id='word_1_208' title='bbox 224 2450 401 2527; x_wconf 72' lang='lat' dir='ltr'><strong>permixtam</strong></span> <span class='ocrx_word' id='word_1_209' title='bbox 422 2467 513 2510; x_wconf 87' lang='lat' dir='ltr'><strong>uumn</strong></span> <span class='ocrx_word' id='word_1_210' title='bbox 527 2451 677 2511; x_wconf 84' lang='lat' dir='ltr'><strong>sooiorum</strong></span> <span class='ocrx_word' id='word_1_211' title='bbox 692 2450 857 2526; x_wconf 74' lang='lat' dir='ltr'><strong>niviumque</strong></span> <span class='ocrx_word' id='word_1_212' title='bbox 874 2448 927 2510; x_wconf 86' lang='lat' dir='ltr'><strong>sed</strong></span> <span class='ocrx_word' id='word_1_213' title='bbox 938 2450 1032 2509; x_wconf 75' lang='lat' dir='ltr'><strong>tnum</strong></span> <span class='ocrx_word' id='word_1_214' title='bbox 1047 2465 1103 2525; x_wconf 88' lang='lat' dir='ltr'><strong>po·</strong></span> 
     </span>
     <span class='ocr_line' id='line_1_28' title="bbox 144 2530 1102 2613; baseline -0.004 -20"><span class='ocrx_word' id='word_1_215' title='bbox 144 2530 284 2613; x_wconf 91' lang='lat' dir='ltr'><strong>pulorum</strong></span> <span class='ocrx_word' id='word_1_216' title='bbox 301 2539 364 2594; x_wconf 87' lang='lat' dir='ltr'><strong>tres</strong></span> <span class='ocrx_word' id='word_1_217' title='bbox 384 2535 544 2612; x_wconf 89' lang='lat' dir='ltr'><strong>separatim</strong></span> <span class='ocrx_word' id='word_1_218' title='bbox 564 2534 644 2594; x_wconf 83' lang='lat' dir='ltr'><strong>aeies</strong></span> <span class='ocrx_word' id='word_1_219' title='bbox 664 2534 743 2593; x_wconf 81' lang='lat' dir='ltr'><strong>eirea</strong></span> <span class='ocrx_word' id='word_1_220' title='bbox 768 2531 877 2592; x_wconf 86' lang='lat' dir='ltr'><strong>vallum</strong></span> <span class='ocrx_word' id='word_1_221' title='bbox 902 2531 1032 2593; x_wconf 89' lang='lat' dir='ltr'><strong>hostium</strong></span> <span class='ocrx_word' id='word_1_222' title='bbox 1056 2531 1102 2590; x_wconf 90' lang='lat' dir='ltr'><strong>in·</strong></span> 
     </span>
     <span class='ocr_line' id='line_1_29' title="bbox 145 2613 1138 2694; baseline -0.007 -15"><span class='ocrx_word' id='word_1_223' title='bbox 145 2618 259 2679; x_wconf 81' lang='lat' dir='ltr'><strong>suunt</strong></span> <span class='ocrx_word' id='word_1_224' title='bbox 294 2617 359 2694; x_wconf 87' lang='lat' dir='ltr'><strong>ipse</strong></span> <span class='ocrx_word' id='word_1_225' title='bbox 376 2623 441 2678; x_wconf 90' lang='lat' dir='ltr'><strong>erat</strong></span> <span class='ocrx_word' id='word_1_226' title='bbox 457 2617 572 2679; x_wconf 85' lang='lat' dir='ltr'><strong>medius</strong></span> <span class='ocrx_word' id='word_1_227' title='bbox 586 2633 655 2678; x_wconf 88' lang='lat' dir='ltr'><strong>eum</strong></span> <span class='ocrx_word' id='word_1_228' title='bbox 671 2614 839 2694; x_wconf 81' lang='lat' dir='ltr'><strong>legionibus</strong></span> <span class='ocrx_word' id='word_1_229' title='bbox 853 2615 1003 2676; x_wconf 87' lang='lat' dir='ltr'><strong>Romanis.</strong></span> <span class='ocrx_word' id='word_1_230' title='bbox 1033 2613 1102 2674; x_wconf 90' lang='lat' dir='ltr'><strong>inde</strong></span> <span class='ocrx_word' id='word_1_231' title='bbox 1120 2619 1138 2670; x_wconf 78' lang='lat' dir='ltr'><strong>t</strong></span> 
     </span>
     <span class='ocr_line' id='line_1_30' title="bbox 144 2699 1101 2780; baseline -0.003 -17"><span class='ocrx_word' id='word_1_232' title='bbox 144 2703 262 2780; x_wconf 79' lang='lat' dir='ltr'><strong>signum</strong></span> <span class='ocrx_word' id='word_1_233' title='bbox 278 2699 437 2763; x_wconf 83' lang='lat' dir='ltr'><strong>observare</strong></span> <span class='ocrx_word' id='word_1_234' title='bbox 458 2703 558 2772; x_wconf 92' lang='lat' dir='ltr'><strong>iussit,</strong></span> <span class='ocrx_word' id='word_1_235' title='bbox 581 2708 614 2762; x_wconf 91' lang='lat' dir='ltr'><strong>ut</strong></span> <span class='ocrx_word' id='word_1_236' title='bbox 631 2701 744 2780; x_wconf 80' lang='lat' dir='ltr'><strong>pariter</strong></span> <span class='ocrx_word' id='word_1_237' title='bbox 763 2707 794 2760; x_wconf 89' lang='lat' dir='ltr'><strong>et</strong></span> <span class='ocrx_word' id='word_1_238' title='bbox 814 2701 888 2761; x_wconf 83' lang='lat' dir='ltr'><strong>socii</strong></span> <span class='ocrx_word' id='word_1_239' title='bbox 908 2717 973 2760; x_wconf 89' lang='lat' dir='ltr'><strong>rem</strong></span> <span class='ocrx_word' id='word_1_240' title='bbox 988 2700 1101 2776; x_wconf 84' lang='lat' dir='ltr'><strong>iunipe-</strong></span> 
     </span>
     <span class='ocr_line' id='line_1_31' title="bbox 94 2784 1102 2864; baseline -0.005 -17"><span class='ocrx_word' id='word_1_241' title='bbox 94 2790 107 2804; x_wconf 72' lang='grc'><strong>“</strong></span> <span class='ocrx_word' id='word_1_242' title='bbox 144 2792 213 2847; x_wconf 88' lang='lat' dir='ltr'><strong>rent</strong></span> <span class='ocrx_word' id='word_1_243' title='bbox 233 2784 441 2862; x_wconf 71' lang='lat' dir='ltr'><strong>referrentque</strong></span> <span class='ocrx_word' id='word_1_244' title='bbox 456 2785 578 2864; x_wconf 84' lang='lat' dir='ltr'><strong>pedem,</strong></span> <span class='ocrx_word' id='word_1_245' title='bbox 600 2785 776 2864; x_wconf 85' lang='lat' dir='ltr'><strong>slueoeptni</strong></span> <span class='ocrx_word' id='word_1_246' title='bbox 792 2785 958 2846; x_wconf 72' lang='lat' dir='ltr'><strong>cecinisset.</strong></span> <span class='ocrx_word' id='word_1_247' title='bbox 988 2785 1102 2860; x_wconf 88' lang='lat' dir='ltr'><strong>equites</strong></span> 
     </span>
     <span class='ocr_line' id='line_1_32' title="bbox 145 2866 1136 2949; baseline -0.004 -19"><span class='ocrx_word' id='word_1_248' title='bbox 145 2871 216 2930; x_wconf 88' lang='lat' dir='ltr'><strong>item</strong></span> <span class='ocrx_word' id='word_1_249' title='bbox 236 2885 308 2930; x_wconf 90' lang='lat' dir='ltr'><strong>suae</strong></span> <span class='ocrx_word' id='word_1_250' title='bbox 326 2870 436 2948; x_wconf 43' lang='lat' dir='ltr'><strong>*auique</strong></span> <span class='ocrx_word' id='word_1_251' title='bbox 455 2871 534 2948; x_wconf 88' lang='lat' dir='ltr'><strong>parti</strong></span> <span class='ocrx_word' id='word_1_252' title='bbox 552 2875 621 2949; x_wconf 89' lang='lat' dir='ltr'><strong>post</strong></span> <span class='ocrx_word' id='word_1_253' title='bbox 636 2869 785 2948; x_wconf 83' lang='lat' dir='ltr'><strong>prineipia</strong></span> <span class='ocrx_word' id='word_1_254' title='bbox 802 2867 936 2929; x_wconf 81' lang='lat' dir='ltr'><strong>ealloeat</strong></span> <span class='ocrx_word' id='word_1_255' title='bbox 964 2868 1006 2928; x_wconf 91' lang='lat' dir='ltr'><strong>ita</strong></span> <span class='ocrx_word' id='word_1_256' title='bbox 1020 2866 1102 2928; x_wconf 78' lang='lat' dir='ltr'><strong>trita·</strong></span> <span class='ocrx_word' id='word_1_257' title='bbox 1121 2875 1136 2925; x_wconf 84' lang='lat' dir='ltr'><strong>t</strong></span> 
     </span>
     <span class='ocr_line' id='line_1_33' title="bbox 146 2947 1144 3028; baseline -0.001 -16"><span class='ocrx_word' id='word_1_258' title='bbox 146 2953 222 3012; x_wconf 88' lang='lat' dir='ltr'><strong>riam</strong></span> <span class='ocrx_word' id='word_1_259' title='bbox 237 2950 356 3014; x_wconf 84' lang='lat' dir='ltr'><strong>adortus</strong></span> <span class='ocrx_word' id='word_1_260' title='bbox 373 2961 467 3014; x_wconf 87' lang='lat' dir='ltr'><strong>eastra</strong></span> <span class='ocrx_word' id='word_1_261' title='bbox 483 2954 687 3022; x_wconf 75' lang='lat' dir='ltr'><strong>mmumrentt,</strong></span> <span class='ocrx_word' id='word_1_262' title='bbox 703 2960 733 3014; x_wconf 92' lang='lat' dir='ltr'><strong>et</strong></span> <span class='ocrx_word' id='word_1_263' title='bbox 746 2969 816 3013; x_wconf 70' lang='lat' dir='ltr'><strong>ean</strong></span> <span class='ocrx_word' id='word_1_264' title='bbox 826 2952 958 3028; x_wconf 76' lang='lat' dir='ltr'><strong>undique</strong></span> <span class='ocrx_word' id='word_1_265' title='bbox 969 2953 1102 3019; x_wconf 77' lang='lat' dir='ltr'><strong>memmi,</strong></span> <span class='ocrx_word' id='word_1_266' title='bbox 1134 2947 1144 2960; x_wconf 77' lang='grc'><strong>“</strong></span> 
     </span>
     <span class='ocr_line' id='line_1_34' title="bbox 146 3034 1101 3115; baseline -0.003 -19"><span class='ocrx_word' id='word_1_267' title='bbox 146 3051 207 3096; x_wconf 91' lang='lat' dir='ltr'><strong>non</strong></span> <span class='ocrx_word' id='word_1_268' title='bbox 228 3035 405 3097; x_wconf 85' lang='lat' dir='ltr'><strong>sustinentes</strong></span> <span class='ocrx_word' id='word_1_269' title='bbox 429 3039 573 3115; x_wconf 70' lang='lat' dir='ltr'><strong>inpetrem</strong></span> <span class='ocrx_word' id='word_1_270' title='bbox 589 3035 710 3098; x_wconf 82' lang='lat' dir='ltr'><strong>Volscos</strong></span> <span class='ocrx_word' id='word_1_271' title='bbox 729 3036 805 3096; x_wconf 84' lang='lat' dir='ltr'><strong>valle</strong></span> <span class='ocrx_word' id='word_1_272' title='bbox 830 3034 975 3098; x_wconf 80' lang='lat' dir='ltr'><strong>demrbat.</strong></span> <span class='ocrx_word' id='word_1_273' title='bbox 1002 3042 1101 3094; x_wconf 87' lang='lat' dir='ltr'><strong>trans·</strong></span> 
     </span>
     <span class='ocr_line' id='line_1_35' title="bbox 146 3116 1101 3200; baseline -0.004 -20"><span class='ocrx_word' id='word_1_274' title='bbox 146 3135 266 3198; x_wconf 83' lang='lat' dir='ltr'><strong>gressus</strong></span> <span class='ocrx_word' id='word_1_275' title='bbox 288 3116 357 3179; x_wconf 84' lang='lat' dir='ltr'><strong>inde</strong></span> <span class='ocrx_word' id='word_1_276' title='bbox 375 3122 556 3181; x_wconf 88' lang='lat' dir='ltr'><strong>munitiones</strong></span> <span class='ocrx_word' id='word_1_277' title='bbox 576 3119 710 3200; x_wconf 85' lang='lat' dir='ltr'><strong>pavidam</strong></span> <span class='ocrx_word' id='word_1_278' title='bbox 728 3119 847 3181; x_wconf 84' lang='lat' dir='ltr'><strong>turbam</strong></span> <span class='ocrx_word' id='word_1_279' title='bbox 871 3117 1101 3192; x_wconf 80' lang='lat' dir='ltr'><strong>inclinatamque</strong></span> 
     </span>
     <span class='ocr_line' id='line_1_36' title="bbox 142 3201 1136 3282; baseline -0.007 -18"><span class='ocrx_word' id='word_1_280' title='bbox 142 3207 176 3264; x_wconf 89' lang='lat' dir='ltr'><strong>in</strong></span> <span class='ocrx_word' id='word_1_281' title='bbox 198 3209 314 3282; x_wconf 86' lang='lat' dir='ltr'><strong>partem</strong></span> <span class='ocrx_word' id='word_1_282' title='bbox 334 3217 423 3262; x_wconf 90' lang='lat' dir='ltr'><strong>unam</strong></span> <span class='ocrx_word' id='word_1_283' title='bbox 446 3205 553 3264; x_wconf 81' lang='lat' dir='ltr'><strong>eastris</strong></span> <span class='ocrx_word' id='word_1_284' title='bbox 574 3202 703 3282; x_wconf 82' lang='lat' dir='ltr'><strong>expellit</strong></span> <span class='ocrx_word' id='word_1_285' title='bbox 745 3204 817 3265; x_wconf 85' lang='lat' dir='ltr'><strong>inde</strong></span> <span class='ocrx_word' id='word_1_286' title='bbox 843 3203 934 3265; x_wconf 79' lang='lat' dir='ltr'><strong>effuse</strong></span> <span class='ocrx_word' id='word_1_287' title='bbox 956 3201 1102 3278; x_wconf 75' lang='lat' dir='ltr'><strong>iuqiemes</strong></span> <span class='ocrx_word' id='word_1_288' title='bbox 1115 3205 1136 3266; x_wconf 73' lang='grc'><strong>,8</strong></span> 
     </span>
     <span class='ocr_line' id='line_1_37' title="bbox 147 3283 1102 3365; baseline -0.002 -17"><span class='ocrx_word' id='word_1_289' title='bbox 147 3301 253 3365; x_wconf 85' lang='lat' dir='ltr'><strong>eques,</strong></span> <span class='ocrx_word' id='word_1_290' title='bbox 269 3285 318 3347; x_wconf 86' lang='lat' dir='ltr'><strong>oui</strong></span> <span class='ocrx_word' id='word_1_291' title='bbox 329 3303 473 3364; x_wconf 87' lang='lat' dir='ltr'><strong>superare</strong></span> <span class='ocrx_word' id='word_1_292' title='bbox 489 3285 596 3348; x_wconf 83' lang='lat' dir='ltr'><strong>vallum</strong></span> <span class='ocrx_word' id='word_1_293' title='bbox 612 3286 692 3348; x_wconf 91' lang='lat' dir='ltr'><strong>haud</strong></span> <span class='ocrx_word' id='word_1_294' title='bbox 707 3285 795 3348; x_wconf 63' lang='lat' dir='ltr'><strong>ia&#39;eile</strong></span> <span class='ocrx_word' id='word_1_295' title='bbox 810 3288 921 3356; x_wconf 79' lang='lat' dir='ltr'><strong>innuat,</strong></span> <span class='ocrx_word' id='word_1_296' title='bbox 937 3303 1005 3346; x_wconf 90' lang='lat' dir='ltr'><strong>oum</strong></span> <span class='ocrx_word' id='word_1_297' title='bbox 1020 3285 1057 3346; x_wconf 87' lang='lat' dir='ltr'><strong>ad</strong></span> <span class='ocrx_word' id='word_1_298' title='bbox 1072 3283 1102 3346; x_wconf 88' lang='lat' dir='ltr'><strong>id</strong></span> 
     </span>
     <span class='ocr_line' id='line_1_38' title="bbox 140 3369 1102 3449; baseline -0.001 -18"><span class='ocrx_word' id='word_1_299' title='bbox 140 3377 293 3448; x_wconf 75' lang='lat' dir='ltr'><strong>spectator</strong></span> <span class='ocrx_word' id='word_1_300' title='bbox 315 3385 433 3449; x_wconf 81' lang='lat' dir='ltr'><strong>pugnae</strong></span> <span class='ocrx_word' id='word_1_301' title='bbox 453 3369 625 3441; x_wconf 66' lang='lat' dir='ltr'><strong>amarunt,</strong></span> <span class='ocrx_word' id='word_1_302' title='bbox 643 3369 740 3433; x_wconf 85' lang='lat' dir='ltr'><strong>libero</strong></span> <span class='ocrx_word' id='word_1_303' title='bbox 761 3388 866 3449; x_wconf 87' lang='lat' dir='ltr'><strong>eampo</strong></span> <span class='ocrx_word' id='word_1_304' title='bbox 881 3370 1004 3449; x_wconf 88' lang='lat' dir='ltr'><strong>adeptus</strong></span> <span class='ocrx_word' id='word_1_305' title='bbox 1018 3375 1102 3448; x_wconf 80' lang='lat' dir='ltr'><strong>parte</strong></span> 
     </span>
     <span class='ocr_line' id='line_1_39' title="bbox 144 3453 1137 3571; baseline 0 -57"><span class='ocrx_word' id='word_1_306' title='bbox 144 3454 285 3516; x_wconf 79' lang='lat' dir='ltr'><strong>victoriae</strong></span> <span class='ocrx_word' id='word_1_307' title='bbox 299 3453 409 3515; x_wconf 84' lang='lat' dir='ltr'><strong>irantm</strong></span> <span class='ocrx_word' id='word_1_308' title='bbox 423 3456 544 3518; x_wconf 81' lang='lat' dir='ltr'><strong>territos</strong></span> <span class='ocrx_word' id='word_1_309' title='bbox 561 3453 721 3518; x_wconf 79' lang='lat' dir='ltr'><strong>caedendo.</strong></span> <span class='ocrx_word' id='word_1_310' title='bbox 743 3454 1060 3571; x_wconf 47' lang='lat' dir='ltr'><strong>maguaettnfamts</strong></span> <span class='ocrx_word' id='word_1_311' title='bbox 1073 3457 1102 3515; x_wconf 88' lang='lat' dir='ltr'><strong>et</strong></span> <span class='ocrx_word' id='word_1_312' title='bbox 1120 3457 1137 3506; x_wconf 79' lang='lat'><strong>⁹</strong></span> 
     </span>
    </p>
   </div>
   <div class='ocr_carea' id='block_1_3' title="bbox 0 0 1294 3954">
    <p class='ocr_par' dir='ltr' id='par_1_3' title="bbox 0 0 1294 3954">
     <span class='ocr_line' id='line_1_40' title="bbox 0 0 1294 3954; baseline 0 2"><span class='ocrx_word' id='word_1_313' title='bbox 0 0 1294 3954; x_wconf 95' lang='lat' dir='ltr'><strong> </strong></span> 
     </span>
    </p>
   </div>
  </div>
 </body>
</html>
