2534 3956
267 255 363 298 urana
378 253 422 298 vr.
450 253 521 298 oar.
537 244 582 302 11.
597 242 697 299 11119.
723 233 765 312 [a.
783 231 817 293 0.
832 232 897 312 380]
999 233 1060 300 341

103 403 214 482 quippe
235 403 294 464 iam
317 421 334 463 a
350 402 511 466 Praeneste
531 401 682 482 proiectos
701 399 795 461 hostis
811 399 843 458 ln
859 415 930 476 agro
947 397 1061 461 Gabino

103 486 273 548 consedisse
296 485 486 558 nuntiabatur
504 519 557 556 -,
578 485 708 546 interim·
719 483 855 544 11111111
869 481 966 561 plebis
985 482 1062 544 lama
1080 491 1110 551 ll

102 588 138 632 ea
159 571 223 648 ipsa
247 571 419 644 irritaverat
436 569 530 647 magis
552 569 589 630 ad
611 574 783 647 susceptum
805 574 954 630 certamen
974 583 1063 644 quam

102 653 302 722 deterruerat3
333 670 431 730 neque
457 651 537 714 aliud
563 653 601 714 ad
632 652 812 715 seditionem·
833 649 1063 729 extinguendam

101 736 134 798 in
148 736 223 798 urbe
236 755 323 814 quam
337 754 432 816 prope
442 735 566 798 inlatum
581 735 738 799 moenibus
749 735 821 813 ipsis
837 733 950 797 bellum
963 732 1061 795 valuit.

163 819 295 897 xxviii,
319 820 395 882 Nam
414 839 482 882 erma
500 826 578 882 esset
590 819 791 882 Praenestinis
809 819 976 880 nuntiatum
996 815 1062 878 nul·
1081 828 1096 880 1

101 903 163 966 lum
179 905 339 966 exercitum
350 906 551 984 conscriptum
561 905 688 974 Romae,
706 901 821 964 nullum
831 902 938 964 ducem
949 907 1063 963 certum

103 1007 182 1059 esse,
198 995 299 1067 patres
312 1007 347 1050 ac
361 987 481 1067 plebem
491 991 523 1049 in
539 995 632 1051 semet
642 989 724 1068 ipsos
738 1003 857 1058 versos,
874 987 1063 1048 occasionem
1080 999 1097 1048 2

99 1072 158 1134 rati
172 1071 264 1134 duces
281 1089 385 1134 eorum
399 1073 507 1150 raptim
523 1074 640 1150 agmine
657 1075 721 1132 acto
736 1073 910 1150 pervastatis
926 1070 1063 1149 protinus

101 1157 181 1234 agris
195 1155 231 1216 ad
248 1162 366 1234 portam
383 1154 527 1218 Collinam
547 1157 629 1233 signa
649 1152 787 1216 intulere.
819 1155 925 1232 ingens
939 1155 972 1213 in
986 1150 1063 1213 mbo
1079 1165 1096 1219 1

100 1239 258 1317 trepidatio
277 1239 342 1299 luit.
379 1237 594 1300 conclamatum
614 1240 651 1300 ad
665 1255 748 1300 mma
772 1253 1009 1314 concursumque
1029 1236 1062 1295 in

88 1339 204 1383 muros
216 1327 305 1401 atque
317 1329 420 1402 portas
432 1330 489 1394 est,
504 1322 683 1400 tandemque
694 1320 731 1383 ab
744 1321 888 1384 seditione
898 1321 936 1382 ad
949 1317 1062 1388 bellum

102 1407 180 1468 versi
199 1407 375 1468 dictatorem
388 1407 422 1468 T.
439 1405 609 1476 Quinotium
624 1406 830 1470 Cincinnatum
851 1423 1000 1467 creauere.
1035 1405 1062 1464 is
1079 1411 1094 1452 ⁴

102 1491 275 1568 magistrum
296 1492 427 1568 equitum
445 1490 552 1552 Aulum
570 1491 779 1571 Sempronium
796 1489 962 1551 Atratinum
979 1487 1061 1549 dixit

102 1574 181 1652 quod
200 1573 253 1635 ubi
276 1575 407 1648 auditum
431 1581 476 1638 est
494 1609 529 1620 -
553 1582 652 1637 tantus
671 1576 734 1638 eius
753 1575 941 1653 magistratus
962 1579 1062 1634 terror

102 1665 165 1718 erat
182 1693 236 1730 -,
259 1657 346 1720 simul
372 1659 472 1722 hostes
492 1677 509 1720 a
528 1659 685 1721 moenibus
705 1675 858 1721 recessere
881 1665 909 1720 et
928 1657 1062 1718 iuniores
1090 1722 1092 1728 ,

99 1741 226 1803 Romani
247 1743 284 1803 ad
309 1743 437 1805 edictum
459 1744 524 1804 sine
544 1743 755 1805 retractatione
782 1758 958 1803 convenere.
992 1739 1096 1802 dumo

101 1824 301 1886 conscribitur
310 1826 421 1887 Romae
433 1827 595 1897 exercitus,
611 1833 706 1888 castra
713 1827 834 1887 interim
842 1825 972 1887 hostium
981 1822 1061 1885 haud

99 1907 206 1986 procul
226 1907 289 1970 ilia
310 1909 433 1972 flumine
452 1910 561 1988 posita,
591 1910 660 1972 inde
681 1927 785 1987 agrum
807 1909 865 1972 late
885 1906 1062 1988 populantes

100 1989 220 2052 fatalem
231 2011 263 2055 se
278 1992 348 2053 urbi
359 1993 510 2055 Romanae
525 1992 625 2055 locum
640 1996 755 2072 cepisse
765 1994 845 2056 inter
857 2013 889 2055 se
903 1990 1060 2062 iactabant,

99 2073 227 2136 similem
241 2094 381 2154 pauorem
398 2077 468 2138 inde
483 2095 518 2138 ac
532 2078 632 2156 lugam
647 2077 711 2140 iore
726 2096 761 2138 ac
777 2076 856 2140 bello
873 2075 986 2141 Gallico
998 2075 1061 2136 lue·
1078 2084 1095 2136 o

99 2159 148 2218 rit.
180 2161 288 2220 etenim
309 2161 427 2222 sidiam
442 2167 608 2222 contactum
624 2160 770 2238 religione
785 2162 992 2239 insignemque
1007 2176 1061 2219 no-

98 2243 180 2303 mine
195 2243 259 2305 eius
275 2242 335 2304 loci
351 2245 475 2306 timeant
487 2244 627 2314 Romani,
651 2251 760 2320 quanto
776 2246 871 2320 magis
885 2243 997 2306 Aliensi
1014 2243 1062 2304 die

98 2324 193 2388 Aliam
204 2327 315 2406 ipsam,
330 2335 556 2389 monumentum
565 2331 664 2387 111111
679 2325 780 2397 cladis,
795 2325 1062 2388 reformidaturosi

99 2411 214 2488 species
229 2412 364 2491 proiecto
378 2411 425 2474 his
447 2411 490 2472 111
507 2419 609 2470 nuces
624 2407 776 2470 Gallorum
796 2425 962 2487 sonumque
982 2410 1062 2471 vocis

98 2493 131 2552 in
147 2491 240 2556 oculis
256 2501 345 2572 atque
361 2494 484 2556 auribus
500 2492 574 2552 fore.
611 2490 665 2552 has
683 2492 816 2553 inanium
836 2509 939 2553 rerum
956 2494 1062 2554 inanes
1079 2505 1095 2554 7

99 2575 179 2653 ipsas
191 2574 339 2638 volventes
351 2575 544 2654 113111111111
557 2575 694 2636 fortunae
703 2574 763 2636 loci
775 2574 983 2652 delegaverant
993 2592 1062 2655 spes

99 2676 177 2720 suas.
212 2658 339 2719 Romani
352 2667 482 2738 contra,
505 2657 686 2736 ubicumque
709 2666 786 2722 esset
808 2658 930 2722 Latinus
955 2659 1059 2730 hostis,
1094 2675 1096 2679 ·

99 2744 170 2804 satis
190 2743 267 2805 scire
288 2761 357 2804 eum
374 2761 456 2814 esse,
476 2759 564 2820 quem
581 2743 617 2803 ad
630 2743 778 2822 Regillum
797 2743 895 2804 lacum
915 2744 1060 2804 devictum
1101 2821 1102 2825 Ἰ

100 2834 220 2888 eentum
231 2844 376 2889 annorum
389 2844 463 2906 pace
475 2825 602 2889 obnoxia
614 2828 773 2890 tenuerint.
802 2826 902 2889 locum
913 2828 1061 2906 insignem
1078 2842 1095 2894 8

99 2913 243 2972 memoria
264 2909 356 2973 cladis
376 2913 566 2972 inritaturum
586 2931 618 2974 se
642 2913 740 2990 potius
758 2912 795 2972 ad
818 2910 975 2973 delendam
997 2929 1060 2972 me-

99 2995 225 3057 moriam
240 2995 410 3068 dedecoris,
426 3013 514 3074 quam
525 3002 558 3056 ut
572 2998 709 3058 timorem
725 2996 829 3066 iaciat,
850 3013 889 3057 ne
903 3013 962 3072 qua
978 3001 1060 3056 terra

100 3080 139 3142 sit
149 3080 262 3141 nefasta
276 3081 417 3142 victoriae
434 3098 514 3142 suae.
542 3081 612 3156 quin
627 3081 685 3158 ipsi
697 3077 754 3141 sibi
768 3076 845 3140 Galli
860 3079 1060 3140 sioiierantur
1077 3087 1094 3140 u

98 3163 150 3225 illo
165 3163 249 3234 loco,
265 3181 298 3225 se
312 3164 351 3225 111
363 3172 547 3243 pugnaturos
558 3171 590 3224 ut
599 3162 711 3225 Romae
722 3162 919 3242 pugnaverint
928 3163 960 3222 in
972 3179 1059 3242 rope·

98 3248 188 3310 tenda
199 3249 303 3326 patria,
315 3254 348 3308 ut
358 3255 478 3327 postero
490 3248 538 3310 die
550 3247 586 3307 ad
598 3245 716 3318 Gabios,
734 3255 805 3308 tunc
817 3263 885 3307 cum
897 3245 1058 3316 effecerint,

98 3351 138 3394 ne
159 3333 224 3410 quis
245 3331 354 3403 hostis,
379 3333 430 3408 qui
451 3333 568 3394 moenia
591 3330 724 3392 Romana
746 3332 899 3401 intrasset,
923 3330 1059 3392 nuntium

99 3416 248 3488 secundae
267 3416 466 3494 adversaeque
482 3416 619 3476 fortunae
638 3415 759 3476 domum
774 3414 931 3494 perferret.

162 3499 264 3562 XXIX,
300 3500 353 3562 llis
380 3501 529 3576 utrimque
554 3499 659 3562 animis
686 3499 723 3560 ad
744 3497 838 3560 iliam
862 3505 981 3562 ventum
1005 3499 1092 3559 esti
