2572 3956
205 220 246 280 54
352 234 447 278 ursan
462 234 484 276 1.
512 233 580 277 oar.
596 227 640 280 52.
657 227 700 282 53.
728 214 768 297 [a.
784 237 814 279 u.
833 237 858 280 o.
873 215 1001 298 uto-244]

204 389 275 442 tuna
298 381 399 460 popuii
416 381 540 444 Romani
559 389 592 443 ut
610 385 769 462 participes
784 381 879 444 Latini
894 384 1047 455 fruantur,
1068 402 1154 464 quam

205 465 324 525 urbium
339 466 451 527 excidIa
467 467 698 544 vastationesque
713 485 861 544 agrorum,
879 484 951 545 quas
968 466 1050 528 dnoo
1062 471 1154 546 prius,

204 556 288 627 patre
307 548 414 610 deinde
433 568 487 611 suo
506 557 649 628 regnante
669 552 803 629 perpessi
817 552 890 621 siut,
905 568 1025 628 semper
1039 558 1089 614 aut
1105 571 1154 614 ox·

171 641 187 689 t
204 639 324 710 peeteut
337 639 388 692 aut
401 634 558 711 patiantur,
578 633 657 697 haud
672 634 830 696 difficulter
843 651 1019 713 persuasum
1034 634 1152 706 Latinis

204 732 381 792 quamquam
397 718 478 778 ineo
501 716 622 779 foedere
636 719 774 796 superior
792 717 923 780 Romana
939 735 989 778 res
1006 725 1078 780 erat
1107 737 1156 780 oe-

204 806 300 860 terum
316 807 345 861 et
359 800 454 878 oapita
468 801 596 861 nominis
613 801 708 862 Latini
728 807 807 863 stare
824 819 859 862 ao
875 802 985 862 sentire
1003 819 1071 862 oum
1085 820 1154 880 rego

204 883 350 952 ridebant,
367 891 395 943 et
407 883 525 945 Turnus
543 885 589 945 sui
604 886 710 961 oquue
726 883 866 962 perIeuIi,
883 885 909 946 si
924 883 1093 946 adversatus
1110 904 1154 946 es·
1262 917 1263 922 κ

171 982 186 1030 5
204 973 263 1035 set,
285 984 392 1028 recens
409 974 473 1028 erat
487 967 705 1029 documentum.
734 969 773 1028 ita
788 974 961 1029 renovatum
975 968 1093 1038 foedus,
1110 969 1153 1027 in-
1263 983 1265 1046 q

204 1051 373 1126 dIctumque
394 1049 560 1113 iunioribus
576 1051 763 1121 Latinorum,
777 1058 811 1111 ut
824 1070 860 1112 ex
878 1051 998 1113 foedere
1012 1050 1059 1112 die
1074 1057 1154 1112 certa
1265 1107 1266 1130 q

171 1146 187 1196 o
203 1133 241 1194 ad
255 1133 354 1194 Iueum
371 1134 545 1196 Ferentinae
560 1136 664 1196 armati
678 1134 849 1212 frequentes
863 1134 1008 1197 adessent.
1037 1135 1088 1211 qui
1103 1132 1154 1194 ubi
1265 1165 1267 1192 ;

204 1217 240 1278 ad
256 1217 384 1278 edictmn
399 1217 524 1282 Romani
545 1220 626 1296 regis
640 1237 676 1280 ex
693 1217 830 1281 omnihus
848 1217 965 1298 populis
980 1233 1153 1286 conuenere,
1267 1275 1268 1278 ,

203 1319 241 1360 ue
256 1301 362 1362 ducem
375 1320 461 1364 suum
476 1319 549 1364 nere
563 1310 711 1364 secretum
725 1303 883 1380 imperium
897 1302 1053 1380 propriave
1072 1303 1155 1378 signa

203 1383 362 1454 haberent,
383 1387 501 1446 miscuit
522 1385 689 1464 manipulos
709 1403 746 1446 ex
766 1385 877 1446 Latinis
891 1384 1105 1462 Romanisque,
1125 1401 1145 1443 u
1164 1461 1166 1466 Ι

203 1486 239 1528 ox
259 1466 337 1526 binis
357 1467 488 1545 singulos
502 1469 615 1529 Iaceret
628 1468 774 1546 binosque
793 1487 828 1530 ex
848 1467 986 1546 siugulis3
1008 1469 1047 1530 ita
1065 1467 1155 1544 gemo·

202 1553 278 1612 natis
294 1550 452 1630 manipulis
466 1553 654 1614 centuriones
667 1553 804 1630 inposuit

170 1649 183 1700 l
266 1633 336 1695 LIII.
356 1633 426 1705 Neo,
442 1643 474 1695 ut
487 1635 611 1696 iniustus
625 1635 656 1695 iu
671 1651 744 1712 paee
761 1653 824 1706 rex,
840 1636 879 1696 ita
896 1635 954 1696 dux
967 1632 1038 1695 belii
1049 1649 1156 1711 pravus
1270 1663 1272 1668 ·

202 1717 272 1778 iuit:
292 1720 363 1794 quin
379 1737 412 1778 ea
429 1726 492 1779 arte
506 1726 660 1794 aequasset
674 1719 845 1796 superiores
862 1736 966 1796 reges,
982 1718 1014 1777 ni
1028 1716 1156 1793 degene-

167 1809 298 1866 oratum
319 1802 351 1861 iu
372 1801 437 1863 aliis
459 1802 528 1862 huie
540 1819 668 1879 quoque
688 1800 790 1863 decori
813 1801 967 1863 offecisset
1000 1802 1026 1861 is
1042 1801 1155 1878 primus

202 1884 314 1944 Voisois
329 1883 440 1946 beilum
455 1886 487 1945 In
503 1886 645 1947 ducentos
661 1884 787 1964 amplius
797 1895 865 1964 post
873 1903 958 1946 suam
969 1890 1092 1946 aetatem
1102 1898 1156 1942 an·
1275 1945 1276 1956 2

166 1987 183 2036 a
202 1987 256 2029 nos
271 1970 368 2037 movit,
384 1969 579 2046 Suessamque
591 1969 752 2030 Pometiam
767 1988 803 2030 ex
817 1967 864 2030 his
879 1970 907 2028 vi
917 1967 1004 2046 oepit.
1026 1964 1078 2026 ubi
1089 1982 1157 2026 oum

202 2049 348 2114 divendita
376 2051 485 2130 praeda
509 2051 701 2130 quadraginta
724 2051 833 2113 talenta
855 2051 971 2128 argenti
991 2050 1155 2118 reiecisset,

201 2138 338 2213 oonoepit
348 2137 446 2195 animo
458 2154 523 2196 eam
534 2135 758 2214 amplitudinem
768 2135 845 2196 Iovis
857 2133 968 2212 templi,
981 2150 1057 2212 quae
1068 2131 1157 2210 digua

201 2220 288 2281 deum
315 2218 525 2296 hominumque
549 2235 633 2296 rege,
660 2236 735 2296 quae
757 2217 890 2279 Romano
910 2216 1052 2297 imperio,
1080 2232 1156 2292 quaa

200 2303 292 2380 ipsius
314 2302 401 2362 etiarn
424 2300 482 2362 loci
503 2302 653 2364 maiestate
670 2309 755 2363 esset
787 2302 930 2380 captivam
953 2299 1109 2378 pecuniam
1125 2299 1156 2358 iu

200 2385 434 2448 aedificationem
452 2386 516 2446 eius
532 2383 634 2464 tempii
648 2386 788 2462 seposuit

168 2481 182 2528 t
264 2468 385 2546 Excepit
408 2468 515 2529 deinde
536 2487 603 2529 eum
624 2467 731 2530 lentius
753 2485 806 2546 spe
824 2465 953 2536 beilum,
971 2484 1031 2544 quo
1047 2464 1156 2528 Gabios

198 2547 398 2632 'propinquam
412 2551 527 2621 urbem,
542 2553 722 2629 nequiquam
735 2553 763 2611 vi
773 2551 904 2620 adortus,
921 2567 990 2610 oum
1000 2547 1156 2612 obsidendi

201 2653 319 2714 quoque
348 2635 452 2697 urbem
481 2653 549 2713 spes
574 2635 659 2714 pulso
685 2654 702 2696 a
727 2633 883 2696 moenibus
907 2633 1043 2712 adempta
1069 2639 1156 2701 esset.

200 2727 351 2797 postremo
367 2720 488 2779 nuuime
501 2725 564 2779 arte
583 2717 724 2788 Romana,
740 2719 845 2780 fraude
860 2735 894 2778 ao
910 2715 987 2786 dolo,
999 2716 1157 2794 adgressis

168 2810 253 2864 test.
284 2819 351 2862 nam
372 2819 440 2860 eum
459 2801 537 2861 uelut
559 2803 655 2879 posito
674 2800 754 2862 helio
780 2800 977 2862 fundamentis
993 2797 1095 2876 tempii
1111 2797 1155 2858 Ia-

201 2885 314 2946 ciendis
336 2883 459 2961 aliisque
480 2883 600 2946 urbanis
615 2883 756 2963 operibus
776 2886 922 2947 intentum
936 2902 968 2944 se
985 2901 1049 2944 esse
1064 2883 1156 2943 sImu·

201 2966 285 3038 laret,
302 2969 408 3028 Sextus
420 2966 496 3028 iilius
509 2969 581 3038 eius,
599 2970 650 3045 qui
666 2970 805 3030 minimus
817 2966 960 3030 extribus
972 2974 1043 3036 erat,
1059 2973 1155 3028 traus-

201 3051 276 3129 Iugit
293 3068 330 3114 ex
341 3051 503 3131 composito
519 3050 635 3122 Gabios,
651 3053 745 3130 patris
760 3054 791 3112 iu
809 3071 841 3114 se
852 3052 1001 3112 saeuitiam
1015 3048 1155 3110 intolera-

168 3141 185 3192 o
200 3135 291 3196 bilem
312 3151 513 3213 conquerens:
534 3137 593 3196 iam
610 3134 646 3196 ab
664 3135 768 3198 alienIs
784 3137 817 3196 in
831 3153 900 3196 suos
915 3134 1038 3196 uertisse
1052 3149 1155 3210 super·

200 3219 295 3289 biam,
314 3227 343 3280 et
362 3217 526 3280 liberorum
545 3235 663 3296 quoquo
686 3237 754 3280 eum
769 3219 955 3298 frequentino
968 3217 1103 3286 taedere,
1124 3223 1156 3275 ut

202 3319 290 3380 quam
305 3303 336 3362 iu
352 3304 433 3362 curia
445 3302 633 3366 solitudinem
647 3303 761 3374 iecerit,
780 3305 860 3366 domi
873 3319 992 3383 quoque
1004 3301 1101 3371 iaciat,
1117 3317 1156 3361 ne

168 3392 185 3443 t
202 3400 290 3461 quam
306 3385 437 3462 stirpem,
452 3404 491 3446 ue
507 3403 594 3462 quem
608 3387 750 3450 heredem
765 3389 851 3466 regni
870 3387 1027 3464 relinquat
1044 3405 1076 3448 se
1091 3384 1155 3462 qui-

202 3466 269 3528 dem
287 3467 364 3528 iuter
382 3466 438 3528 teia
454 3477 484 3530 et
496 3467 608 3546 gladios
623 3473 716 3548 patris
730 3469 862 3551 elapsum
877 3469 951 3531 nihii
963 3485 1087 3548 usquam
1098 3466 1154 3528 sibi
