2534 3956
234 156 294 222 308
458 167 554 210 niens
566 168 597 211 r.
621 166 692 208 cur.
707 157 749 212 ol.
783 144 823 229 [e.
836 169 865 208 u.
880 168 907 208 o.
922 147 985 228 aas]

233 318 353 397 egregio
370 315 558 378 adulescente
572 315 602 377 C.
619 314 710 376 Fabio
728 332 788 374 non
805 315 921 374 minore
944 313 1072 375 bestium
1097 315 1184 376 adnui-

231 403 346 462 ratione
371 418 458 480 quam
479 406 576 460 vestra
597 405 790 477 conspectum
812 403 874 466 est,
899 413 965 456 cum
986 399 1064 458 inter
1078 398 1184 462 Gallica

232 484 289 546 tela
313 484 470 562 degressus
494 501 529 544 ex
552 498 621 543 aree
645 481 787 544 sollenne
808 478 917 541 Fabiae
944 483 1040 558 gentis
1060 483 1091 542 in
1113 482 1185 545 colle
1250 481 1251 494 ¹

198 572 214 622 t
233 565 378 638 Quirinali
398 565 489 627 eluet
514 582 552 626 en
575 565 722 644 gentilicia
744 580 828 626 saera
853 581 891 624 ne
914 565 944 623 in
966 562 1045 626 bello
1069 567 1185 643 quidem
1250 599 1251 642 ς

231 653 402 721 intermitti,
425 649 548 731 publica
564 663 649 710 saera
671 657 701 711 et
712 648 861 710 Romanos
877 647 949 708 deos
965 648 1052 708 etiam
1066 649 1098 709 in
1113 667 1186 728 pace
1250 655 1251 720 j

232 736 329 797 deseri
349 733 466 814 placetl
504 739 534 794 et
563 733 717 812 pontifices
738 731 930 813 flaminesque
951 730 1186 810 neglegentiores

233 817 418 896 publicarum
439 816 616 896 religionum
645 835 708 878 esse
736 834 824 896 quam
848 815 980 894 privatus
999 815 1030 874 ln
1051 814 1186 878 sollemni
1231 858 1233 866 ι

197 914 213 964 t
233 903 326 978 gentis
343 901 451 963 fueriti
484 901 607 961 forsitan
624 900 729 980 aliquis
743 900 823 960 diem
837 904 887 959 aut
897 898 965 958 Veis
981 915 1016 958 oa
1029 916 1084 960 nos
1094 899 1188 962 lactu·

232 1001 297 1054 ros,
309 991 359 1044 aut
367 984 426 1045 huc
436 985 505 1045 inde
516 986 659 1046 missuros
671 983 841 1045 sacerdotes
851 988 984 1051 nostros,
1002 983 1053 1060 qui
1063 982 1189 1054 sachun

197 1082 358 1148 equorum
379 1073 518 1130 neutrum
541 1069 606 1130 lteri
632 1066 719 1130 saltis
742 1066 928 1127 caerimoniis
948 1071 1055 1143 potest
1097 1074 1127 1128 et
1150 1085 1190 1130 ne

231 1152 331 1213 omnia
351 1154 512 1230 generatim
538 1169 622 1212 sacra
649 1166 811 1227 omnesque
830 1165 1023 1228 percenseam
1043 1148 1130 1221 deos,
1157 1154 1189 1211 in

231 1237 305 1297 loris
321 1234 408 1314 epulo
429 1254 500 1296 num
521 1235 592 1295 alibi
611 1251 698 1314 quam
718 1236 749 1294 in
766 1230 1063 1312 Capitoliopulrinor
1078 1237 1189 1314 suscipi

198 1341 212 1389 7
231 1321 348 1398 potest?
377 1319 448 1398 qnid
469 1319 506 1380 de
527 1319 656 1380 aeternis
671 1318 776 1378 Vestae
797 1314 915 1394 ignibus
929 1317 1087 1395 signoque,
1109 1321 1189 1396 quod

229 1403 346 1482 imperii
360 1403 467 1480 pignus
482 1402 614 1464 custodia
627 1402 692 1464 eius
705 1398 808 1478 templi
819 1407 953 1469 tenetur,
969 1399 1094 1478 loquar!
1116 1403 1189 1480 quid

230 1487 267 1546 de
283 1483 428 1545 ancilibus
444 1487 563 1556 vestris,
587 1487 666 1548 biars
683 1484 808 1548 Gradive
829 1489 922 1562 tuque
937 1480 1060 1552 Quirine
1081 1488 1189 1562 pater?

230 1569 303 1628 baec
324 1569 467 1629 omniain
481 1569 607 1647 prosam
625 1569 723 1630 deseri
740 1567 839 1646 placet
855 1583 940 1628 sacra
956 1565 1090 1645 aequalia
1108 1569 1188 1634 urbi.

195 1661 212 1713 Β
230 1651 373 1731 quaedam
394 1653 552 1714 vetustiora
570 1653 685 1730 origine
699 1650 801 1712 urbis?
838 1656 868 1712 et
886 1649 997 1720 nnete,
1019 1650 1091 1728 quid
1108 1651 1187 1714 luter

228 1754 284 1797 nos
297 1753 332 1797 ao
346 1736 473 1796 maiores
486 1737 616 1797 intersit:
637 1735 681 1796 illi
699 1752 784 1796 sacra
804 1733 949 1813 quaedam
968 1734 999 1794 in
1019 1741 1121 1796 monto
1138 1735 1188 1797 Al·

229 1818 307 1880 bano
327 1818 505 1898 Lauiniaque
526 1818 614 1880 nobis
642 1818 777 1880 iacienda
803 1817 1006 1878 tradiderunt:
1032 1851 1066 1862 -
1090 1837 1129 1880 an
1151 1839 1188 1880 ex

228 1903 358 1964 hostiurn
374 1899 500 1963 urbibus
515 1902 639 1964 Romam
655 1903 692 1964 ad
713 1920 767 1962 nos
788 1901 943 1962 transferri
965 1919 1048 1962 sacra
1065 1901 1187 1982 religio·
1250 1939 1251 1982 r

228 2003 294 2048 sum
309 1986 380 2053 luit;
400 1985 472 2046 hine
486 1987 550 2048 sine
562 1984 678 2064 piaculo
690 1987 722 2046 in
732 1985 862 2064 hostium
874 1983 979 2046 urbem
990 1984 1077 2046 Veios
1088 1993 1187 2048 trans-

194 2085 212 2136 9
229 2069 377 2131 feremus?
390 2069 605 2140 recordamini,
621 2070 799 2148 agitedum,
822 2069 959 2147 quotiens
975 2085 1059 2129 sacra
1074 2071 1194 2131 instau-

227 2160 348 2223 rentur,
375 2153 444 2230 qula
467 2151 578 2229 aliquid
600 2171 636 2214 ex
656 2153 753 2230 patrio
780 2153 840 2213 ritu
868 2150 1054 2230 neglegentia
1080 2170 1188 2216 casuve

228 2236 470 2314 praetermissum
484 2242 537 2296 est.
563 2236 651 2296 modo
666 2253 804 2314 quaeres
819 2243 887 2314 post
899 2235 1066 2314 prodigium
1080 2235 1190 2297 Albani

226 2317 308 2378 lacus
324 2317 382 2379 nisi
401 2319 575 2397 instauratio
593 2336 747 2381 sacrorum
762 2320 1022 2398 auspiciorumque
1034 2321 1189 2381 renovatio

177 2409 210 2463 lo
226 2401 358 2462 adfectae
369 2402 482 2463 Veienti
499 2401 579 2464 bello
597 2403 641 2464 rei
660 2401 797 2482 publicae
808 2401 940 2464 remedio
953 2403 1025 2462 luit?
1046 2413 1076 2464 at
1087 2403 1188 2474 etiam,

225 2493 375 2563 umquam
401 2492 537 2547 veterum
562 2485 741 2564 religionum
767 2503 929 2556 memores,
955 2493 985 2546 et
1011 2487 1189 2564 peregrinos

226 2570 297 2631 deos
312 2568 517 2632 transtulimus
534 2570 659 2632 Romam
677 2576 706 2632 et
724 2571 905 2631 instituimus
920 2587 1020 2630 novos
1048 2570 1125 2631 luno
1137 2588 1189 2632 re·

226 2653 293 2729 gina
307 2659 474 2714 transvecta
490 2671 507 2714 a
524 2654 592 2715 Veis
606 2670 703 2733 nuper
717 2670 748 2715 m
762 2662 905 2715 Aventino
924 2671 1012 2732 quarn
1025 2655 1135 2732 mslgni
1146 2654 1188 2716 ob

226 2735 372 2798 excellens
383 2743 586 2798 matronarum
596 2739 726 2799 studium
739 2736 909 2818 celebrique
921 2736 1053 2798 dedicata
1067 2744 1113 2800 est
1124 2738 1189 2800 diet

177 2823 204 2876 11
224 2819 277 2878 Aio
294 2819 417 2881 Locutio
432 2819 575 2900 templum
589 2828 712 2902 propter
728 2820 886 2883 caelestem
900 2838 1002 2882 vocem
1017 2823 1189 2884 exaudiam

224 2902 255 2960 in
275 2900 356 2962 Nova
370 2905 415 2963 via
429 2904 567 2966 iussimus
581 2905 662 2974 fleri;
685 2905 863 2985 Capitolinos
885 2904 973 2966 ludos
991 2904 1189 2967 sollemnibus

225 2983 289 3046 aliis
303 2985 484 3058 addidimus,
503 2987 720 3068 collegiumque
735 2989 772 3050 ad
786 2989 816 3050 id
827 3007 935 3050 novum
946 2996 1067 3049 auctore
1079 2996 1189 3050 senatu

178 3069 423 3134 recondidimus:
448 3072 518 3150 quid
538 3071 647 3134 horum
665 3092 739 3151 opus
763 3073 819 3133 luit
838 3074 966 3151 suscipi,
991 3073 1017 3133 si
1038 3089 1098 3132 una
1116 3090 1189 3133 cum

224 3151 315 3216 Gallis
326 3154 432 3216 urbem
447 3154 611 3218 Romanam
626 3155 760 3218 relicturi
775 3157 902 3227 luimus,
920 3158 945 3217 si
960 3173 1021 3216 non
1032 3155 1191 3218 voluntate

223 3238 382 3299 mansimus
402 3239 433 3298 in
454 3238 597 3319 Capitolio
621 3258 676 3319 per
701 3245 745 3300 tot
764 3257 881 3302 menses
902 3239 1080 3309 obsidionis,
1103 3241 1130 3300 si
1149 3239 1190 3302 ab

177 3329 206 3383 tt
222 3316 357 3380 hostibus
378 3329 458 3383 metu
480 3326 588 3384 retenti
608 3323 731 3385 sumus?
761 3323 797 3386 de
819 3325 912 3386 sacris
932 3323 1082 3402 loquimur
1099 3329 1133 3384 et
1150 3324 1191 3386 de

223 3401 350 3479 templis.
384 3405 454 3483 quid
471 3407 607 3468 taudem?
622 3406 659 3468 de
676 3406 878 3469 sacerdotibus
893 3425 993 3468 nonne
1008 3408 1039 3468 in
1050 3416 1190 3470 mentem
