2534 3956
325 220 420 261 nmen
435 219 466 262 v.
490 221 560 264 cns.
575 215 619 268 20.
635 213 679 268 n.
703 197 743 282 [a.
759 197 794 259 0·
810 196 873 280 396]
1017 203 1078 264 277

1 361 2 390 ³
122 369 276 447 nignitate,
293 368 354 428 suis
369 365 515 439 consiliis,
537 368 677 453 patientie
694 365 820 428 militum
834 367 920 428 Veios
939 366 999 425 iam
1014 366 1079 428 fore

121 455 152 515 in
173 458 317 530 potestate
336 449 439 530 populi
458 449 601 514 Romani:
632 451 704 527 qnid
725 449 762 512 de
781 450 890 528 praeda
911 449 1078 512 laciendum

121 535 295 598 censerent?
325 535 402 596 duae
413 543 548 597 senatum
563 533 742 596 distinebant
759 534 936 602 sententiae,
952 533 1078 594 senisii.
1097 551 1113 601 4

120 620 230 690 bloini,
255 619 492 695 quemprimum.
503 619 612 680 dixisse
630 635 648 676 a
665 617 726 680 lilio
743 619 955 695 interrogatum
971 616 1079 686 lerunt,

122 702 199 764 odini
211 699 308 780 palam
321 699 581 780 plenerepopulo,
600 707 633 762 ut
647 703 699 780 qui
708 701 857 780 particeps
874 719 938 762 esse
951 701 1079 778 praedae

120 785 221 856 vellet,
237 787 268 846 in
284 784 568 853 eastrasvmoetinen
589 783 772 863 altera.Appi
787 783 914 853 Claudii,
936 785 1001 862 qui,
1020 783 1079 844 lar·
1097 796 1113 849 5

121 870 260 948 gitionem
275 869 580 948 novam,.prodignm,
596 867 1011 947 inaequaleminoonsultmn
1032 885 1079 928 ar-

120 971 229 1031 guens,
255 955 283 1014 si
297 951 388 1015 semel
402 953 486 1016 netes
501 953 644 1014 ducerent
658 960 826 1032 oaptamtex
838 951 973 1014 hostibus
982 954 1014 1014 in
1031 970 1079 1013 ae·

119 1039 204 1098 rario
219 1037 359 1100 exhausto
374 1035 461 1099 bellis
478 1037 636 1118 peenniam
651 1043 850 1108 esse‚.auetor
864 1035 1081 1114 eratstipendii

120 1139 156 1182 ex
173 1139 207 1182 ea
224 1122 356 1198 poeonia
370 1119 457 1182 militi
470 1117 661 1191 numerandi,
682 1126 716 1180 ut
735 1121 882 1182 eominus
900 1119 1002 1182 tributi
1016 1116 1078 1197 ple-

119 1203 173 1264 bes
188 1203 347 1265 conferret
380 1202 1077 1280 eiuseuimdonisooietatemsensurasaoque-
1095 1214 1112 1266 t

119 1284 187 1346 liter
208 1287 340 1348 omniurn
364 1287 490 1348 domest.
512 1303 574 1348 non
601 1286 702 1348 avidae
717 1287 749 1348 in
774 1285 959 1364 direptiones
975 1303 1079 1347 manus

121 1371 290 1431 otiosorum
305 1367 489 1430 urbanonum
518 1377 740 1449 praerepturas·
756 1369 884 1430 fortium
903 1367 1079 1431 bellatorum

119 1454 250 1532 praemia
266 1471 346 1524 esee,
365 1471 433 1515 oum
446 1455 487 1514 ita
500 1454 597 1515 terme
612 1454 742 1524 eveniat„
756 1459 789 1514 ut
805 1453 925 1530 segnior
940 1454 977 1514 sit
992 1471 1079 1532 prae·

120 1537 218 1607 dator,
240 1543 273 1598 ut
297 1539 422 1616 quisque
443 1536 555 1599 laberis
569 1535 758 1617 perieulique
770 1537 1079 1616 praeeipunmpetere

119 1627 233 1700 partem
249 1620 351 1684 soleat.
380 1621 514 1684 Lioinius
530 1629 633 1683 nonna
647 1626 857 1699 suspectamet
867 1621 1078 1682 invisamsem-
1097 1627 1112 1676 7

118 1723 258 1785 peream
279 1707 438 1784 penuniarn
456 1705 521 1766 lore
543 1705 655 1775 alebat,
678 1721 839 1780 causasque
861 1704 1023 1764 eriminum
1042 1703 1078 1764 ad

119 1787 238 1867 plebem
258 1790 435 1850 seditionum
454 1788 525 1850 inde
546 1805 581 1848 ao
595 1787 851 1866 legumnovarum
866 1786 1086 1867 praebituram„

120 1873 213 1932 satius
224 1872 314 1948 igitur
329 1891 394 1933 esse
409 1871 604 1933 renonciliati·
620 1890 655 1933 eo
672 1871 750 1934 dono
766 1869 862 1950 plebis
877 1872 1006 1941 animos,
1028 1888 1077 1932 ex·
1096 1883 1113 1934 8

119 1953 235 2014 haustis
248 1960 335 2031 atque
355 1955 512 2016 exinanitis
524 1954 636 2016 tributo
652 1962 696 2016 tot
712 1971 858 2016 annorum
880 1955 1030 2024 succurri,
1052 1963 1079 2014 et

119 2031 229 2098 sentire
244 2038 377 2116 paenae
392 2038 522 2101 lruetum
538 2057 577 2100 ex
594 2037 742 2108 eo-loelle,
765 2039 797 2098 in
818 2055 876 2116 quo
897 2054 993 2118 prope
1009 2055 1078 2098 een·

1 2169 2 2208 ἢ
122 2123 281 2183 senuerint.
317 2124 433 2200 gratius
451 2123 481 2184 id
502 2122 567 2184 lore
591 2121 758 2199 laetiusque
779 2121 857 2200 qnod
881 2122 1006 2201 qrtisque
1026 2138 1078 2182 sna

118 2221 208 2266 manu
224 2223 260 2267 ex
279 2205 365 2268 hosta
387 2213 504 2286 captrun
521 2205 641 2268 domum
658 2205 818 2276 rettulerit,
838 2222 926 2284 quam
941 2205 967 2266 si
980 2203 1077 2266 multi·

118 2287 187 2368 plex
204 2288 326 2352 alterins
348 2289 471 2352 arbitrie
494 2291 629 2368 accipiat.
663 2291 769 2370 ipsum
784 2289 957 2350 dictatorem
975 2289 1078 2368 lugere
1096 2299 1113 2350 t

1 2413 2 2446 ι
118 2373 257 2434 invidiam
274 2393 315 2436 ex·
328 2391 363 2436 eo
378 2376 577 2452 criminaque,
596 2373 798 2451 endelegasse
815 2373 851 2433 ad
862 2381 1005 2434 senatum.
1033 2391 1080 2433 se-

1 2459 2 2506 1
119 2463 219 2518 natum
231 2474 350 2536 quoqne
361 2457 472 2520 dobere
486 2456 751 2518 reiectomremad
762 2474 794 2516 se
808 2457 979 2534 permittere
987 2455 1087 2534 plebi„

119 2558 153 2599 ao
169 2541 230 2618 pati
246 2539 458 2620 habene-quod«
468 2541 575 2617 cuique
590 2541 652 2601 fors
665 2538 879 2600 bellidederit.
900 2538 974 2600 baec
989 2539 1078 2600 tutior
1098 2552 1130 2605 ιο

119 2624 180 2683 risa
197 2625 420 2694 sentennaest„
434 2641 511 2701 quae
525 2622 702 2702 popularem
716 2621 986 2686 sonatuntaoeret.
1016 2621 1078 2684 edi·

120 2707 314 2785 etumitoque
334 2715 393 2778 eet,
416 2708 453 2768 ad
473 2707 613 2787 praedam
629 2707 781 2770 Veientem
801 2703 910 2784 quibus
928 2705 1079 2767 videretur

119 2790 149 2850 in
165 2797 260 2851 castra
274 2791 501 2854 addietatorem
514 2791 786 2870 proficiscerentur.

180 2873 254 2936 xxi.
282 2875 397 2953 ingens
410 2875 543 2955 pnnleeta
564 2873 720 2936 multitudo
739 2872 864 2952 replerit
883 2879 988 2936 eastra.
1017 2879 1079 2934 nrm
1100 2885 1111 2936 1

120 2958 244 3019 dictator
269 2960 418 3038 aarspioatn
442 2976 581 3038 egressus
601 2976 671 3020 eum
690 2958 842 3028 edixisset,
861 2965 895 3019 ut
907 2975 989 3020 arma
1002 2955 1078 3018 nnt-

119 3050 164 3103 tes
176 3049 331 3120 caperent,
347 3048 418 3114 „tuo
434 3042 544 3104 ductu“
555 3043 665 3119 inquit,
681 3040 822 3121 „Pythice
833 3039 953 3120 Apollo,
968 3047 1079 3117 tuoque
1096 3054 1113 3103 2

119 3125 240 3187 numine
255 3125 412 3188 instinotus
426 3143 519 3204 perge
537 3125 574 3187 ad
590 3123 746 3186 delendam
761 3123 870 3186 urbem
883 3125 986 3193 Veios,
1010 3121 1079 3182 tibi·

120 3227 177 3289 que
190 3209 262 3272 bino
280 3208 424 3271 decimam
443 3217 558 3288 partem
572 3208 701 3287 praedae
716 3224 816 3268 voveo.
844 3214 874 3269 te
888 3204 1078 3276 simulplnno
1097 3221 1113 3274 e

119 3295 237 3372 regium
254 3310 330 3372 quae
344 3311 425 3355 nune
440 3293 527 3355 Veios
541 3291 629 3362 eolis,
645 3309 769 3370 precor,
786 3296 820 3351 ut
834 3307 890 3352 nos
905 3291 1031 3353 victores
1047 3291 1079 3351 in

1 3387 2 3472 ξ
119 3384 250 3438 nostram
268 3382 409 3456 tuamque
422 3394 492 3437 mox
507 3376 634 3438 suturam
651 3372 756 3437 urbem
770 3391 911 3452 sequare,
926 3371 978 3434 ubi
991 3379 1021 3435 te
1035 3373 1078 3433 di·

119 3477 211 3536 gnum
225 3459 416 3539 nnrplitudine
436 3467 484 3521 tna
501 3457 643 3538 templum
663 3459 818 3538 accipiat.“
848 3457 922 3520 haee
940 3464 1078 3538 precatus
1095 3459 1112 3508 4
