2580 3954
306 248 402 292 nmen
416 248 464 290 ιιι.
490 247 562 292 ιιι.
578 239 621 294 ιι.
636 240 680 295 ιι.
708 231 752 311 [ι.
770 231 804 292 0.
822 242 881 298 459.
899 232 965 312 458]
1051 235 1112 300 140

157 403 263 459 motus.
298 397 331 458 Α.
348 395 502 460 Cornelius
524 394 608 467 etQ.
632 396 772 461 Servilius
794 399 1021 476 quaestoresbl.
1044 397 1111 460 Vol-

156 483 235 552 scio,
258 479 337 559 quod
356 479 447 542 falsus
465 481 544 543 haud
567 479 657 544 dubio
678 481 760 544 testis
777 482 809 542 in
825 481 986 546 Caesonem
1002 483 1111 544 extitis-

156 572 209 636 set,
226 564 304 626 diem
322 565 464 626 dixerant.
487 547 587 628 multis
604 567 684 628 enim
701 563 855 628 emanabat
869 565 997 636 indiciis,
1015 571 1147 643 nequet

155 649 279 710 fratrem
293 647 406 719 Volsci,
431 668 468 712 ex
483 667 542 727 quo
559 647 651 714 semel
667 650 756 711 luerit
771 667 875 728 aeger,
896 667 1037 727 umquam
1050 667 1112 710 non

155 732 244 793 modo
267 733 361 794 visum
380 733 411 793 in
431 731 565 814 publico,
588 733 640 795 sed
663 751 702 794 ne
720 733 923 796 adsurrexisse
939 733 1058 810 quidem
1075 753 1111 794 ιι

155 814 276 886 morbo,
297 815 516 915 multorumque
538 813 606 878 tabe
628 834 764 878 mensum
787 824 953 886 mortuum;
981 835 1036 878 nec
1064 816 1145 880 hiso

154 899 356 998 temporibus
375 902 406 960 in
421 919 497 979 quae
511 902 594 964 testis
609 902 723 962 crimen
742 900 933 971 coniecisset,
949 901 1111 962 Caesonem

153 982 266 1045 Romae
286 985 394 1054 ιιιιιιιι,
415 983 638 1046 adfirmantibus
658 985 709 1062 qui
724 992 985 1054 conmemorant,
1008 1003 1110 1046 secum

154 1084 222 1128 eum
246 1074 310 1128 tum
335 1067 580 1146 frequentemque
610 1068 647 1129 ad
672 1068 755 1146 signa
776 1068 840 1130 sine
861 1065 923 1128 ullo
944 1075 1111 1129 commeatu

152 1150 257 1213 nisse:
280 1152 339 1212 nisi
356 1153 397 1212 ita
417 1159 508 1223 esset,
530 1152 614 1213 multi
628 1153 764 1230 privatim
784 1149 920 1212 ferebant
933 1150 1049 1212 Volscio
1065 1154 1111 1212 iu·

154 1235 259 1296 dicem.
288 1235 407 1296 eumad
422 1235 563 1298 iudicium
580 1238 625 1297 ire
642 1253 704 1296 non
721 1234 857 1305 auderet,
873 1251 976 1296 omnes
994 1253 1047 1296 eae
1061 1254 1111 1298 res
1128 1245 1146 1296 o

152 1320 184 1378 in
205 1335 297 1378 unum
318 1326 518 1397 congruentes
535 1318 614 1380 baud
638 1319 731 1396 magis
752 1315 872 1380 dubiam
892 1317 1110 1380 damnationem

152 1401 264 1473 loisel,
291 1419 379 1479 ιιιιιιιι
406 1403 545 1465 Caesonis
572 1401 689 1464 Volscio
713 1409 788 1464 teste
812 1401 924 1472 luerat,
950 1400 1108 1463 iaciebant.

151 1487 183 1547 in
202 1504 286 1546 mora
300 1485 413 1547 trihmri
428 1495 527 1558 erant,
549 1489 599 1565 qui
615 1487 734 1548 comitia
751 1493 923 1564 quaestores
941 1485 1054 1548 babere
1073 1486 1109 1548 de
1127 1491 1144 1540 7
1211 1539 1218 1550 .

152 1587 220 1640 reo,
240 1571 299 1632 nisi
315 1572 399 1649 prius
413 1569 513 1632 habita
529 1571 566 1633 de
580 1569 646 1648 lege
662 1578 776 1640 essent,
797 1586 937 1648 passuros
951 1569 1108 1648 negabant

150 1654 191 1714 ita
216 1661 345 1715 extracta
364 1660 491 1732 utraque
513 1673 563 1716 res
581 1656 613 1715 in
635 1653 789 1716 consulum
804 1653 961 1716 adventurn
975 1662 1027 1716 est
1059 1657 1144 1732 quie

150 1735 203 1797 ubi
223 1737 438 1816 triumphantes
459 1740 570 1800 victore
594 1756 662 1798 cum
687 1738 820 1800 exercitu
842 1736 948 1798 urbem
969 1739 1108 1809 inierunt,

151 1821 220 1898 qnia
235 1820 385 1883 silentium
400 1821 540 1900 delego
534 1829 610 1892 erat,
627 1820 781 1900 perculsos
798 1837 903 1899 magna
920 1838 990 1920 pars
1005 1822 1108 1883 crede·

151 1903 222 1965 bant
238 1904 384 1967 tribunos
417 1913 446 1966 at
466 1904 561 1965 illi-
582 1907 690 1966 etenim
706 1899 870 1966 extremum
885 1905 955 1964 anni
970 1905 1028 1966 iam
1045 1913 1109 1966 erat
1126 1921 1143 1973 o

153 2021 188 2032 -
208 1995 345 2065 quartum
363 1989 543 2052 adfectantes
564 1988 771 2050 tribunatum
763 2005 794 2048 m
812 1989 998 2049 comitiorum
1014 1989 1108 2050 disce·

150 2073 312 2149 ptationem
332 2071 369 2133 ab
388 2071 454 2150 lege
470 2080 620 2135 certamen
635 2078 811 2134 averterant.
844 2082 955 2133 etcum
971 2072 1108 2134 consules

149 2154 243 2216 nihilo
268 2157 367 2219 minus
389 2157 528 2219 adversus
551 2157 802 2218 continuationem
815 2155 997 2225 tribunatus,
1020 2173 1108 2233 quant
1139 2209 1142 2214 .

60 2271 73 2288 κ
150 2240 176 2299 si
189 2238 237 2300 lex
256 2241 432 2302 minuendae
447 2259 517 2302 suae
532 2241 692 2302 maiestatis
713 2257 799 2302 causa
814 2238 998 2319 promulgata
1013 2240 1107 2301 ferre·

66 2373 68 2377 .
151 2329 213 2393 tur,
233 2323 441 2396 tetendissent,
459 2325 582 2385 victoria
599 2324 767 2386 certaminis
782 2340 876 2401 penes
889 2322 1026 2385 tribunos
1042 2323 1106 2385 fuit

152 2407 314 2468 -Eodem
329 2425 407 2468 anno
422 2409 531 2484 Aequis
544 2425 602 2486 pan
614 2415 657 2470 est
667 2406 837 2486 petentibus
849 2407 923 2468 data.
936 2441 970 2452 -
986 2408 1107 2478 Census,
1128 2408 1159 2460 1⁰

149 2508 198 2553 res
218 2492 321 2570 priore
342 2509 420 2552 anuo
441 2491 595 2562 inchoata,
617 2491 786 2569 porricitur3
813 2491 903 2569 idque
923 2489 1049 2551 lustrum
1070 2490 1107 2550 ab

150 2575 265 2652 origine
289 2573 373 2636 urbis
399 2575 547 2637 decimum
573 2573 724 2635 conditum
748 2575 856 2635 lerunt
891 2591 979 2636 censa
1000 2575 1107 2635 civium

150 2659 246 2735 capita
257 2659 360 2726 ὄιῑιῖῑι
371 2673 556 2726 οοῡΧιιιΠ.
588 2657 749 2721 Consulum
762 2675 868 2736 magna
881 2658 960 2720 domi
976 2656 1106 2735 bellique
1127 2667 1156 2717 ιι

150 2761 186 2804 eo
211 2760 288 2804 anno
316 2741 409 2820 gloria
424 2741 488 2812 luit,
515 2742 594 2819 quod
620 2749 649 2803 et
669 2743 741 2804 loris
767 2760 870 2822 paoem
895 2759 1050 2821 peperere,
1078 2749 1108 2803 et

150 2825 244 2896 domi,
266 2827 321 2888 etsi
339 2843 400 2887 non
423 2842 565 2896 concors,
586 2827 683 2908 minus
697 2833 795 2888 umen
811 2843 899 2904 qnam
915 2825 987 2888 alias
1000 2825 1106 2886 infesta

129 2910 250 2970 civitas
264 2908 327 2970 luit.

170 3015 172 3020 ·
212 2991 298 3053 XXV.
329 2991 361 3053 L.
377 2994 522 3055 Minucius
543 2993 612 3054 indo
634 3000 663 3055 et
684 2993 714 3055 C.
730 2991 851 3055 Nautius
871 2993 1008 3055 consules
1037 2993 1106 3054 lacti
1126 2997 1234 3046 1⁸⁸·-

149 3077 222 3138 dnas
246 3076 380 3138 residuas
406 3077 475 3137 anni
500 3079 610 3156 prioris
638 3094 740 3138 causas
769 3085 958 3156 exceperunt.
1001 3076 1140 3137 eodem2

148 3160 237 3222 modo
253 3158 390 3221 consules
404 3159 515 3236 legem,
536 3159 649 3222 tribuni
672 3160 814 3221 indicium
837 3160 874 3221 de
889 3159 1005 3221 Volscio
1020 3161 1105 3236 inpe-

148 3243 286 3312 diebant;
308 3243 361 3305 sed
382 3245 413 3302 ln
430 3244 636 3320 quaestoribus
660 3245 743 3305 novis
758 3245 853 3306 maior
868 3245 926 3315 vis,
944 3244 1038 3304 maior
1054 3260 1105 3303 au·

149 3331 269 3390 ctoritas
291 3333 364 3395 erat,
398 3344 466 3388 cunr
485 3327 522 3388 M.
539 3327 656 3390 Valerio
676 3325 774 3389 Valeri
793 3326 854 3388 lilio
878 3325 977 3389 Volesi
997 3334 1139 3405 nepotes

150 3419 286 3488 quaestor
304 3419 368 3473 erat
381 3411 414 3472 Τ.
428 3407 581 3480 Quinctius
594 3409 791 3490 Capitolinus,
802 3413 853 3490 qui
868 3420 914 3472 ter
927 3410 1030 3472 consid
1041 3411 1105 3471 lue·

148 3502 201 3556 rat.
236 3499 277 3566 is,
299 3497 447 3573 qnoniam·
462 3512 559 3573 neque
581 3491 735 3563 Quinctiae
754 3494 882 3556 familiae
898 3495 989 3557 Caeso
1005 3509 1102 3570 neque
1141 3509 1151 3523 ⁸
