2522 3954
102 71 126 338 l

106 399 132 482 'i

109 493 128 590 l

110 595 127 640 a

111 649 129 722 Τ

109 740 130 780 o

112 805 126 860 ξ
167 765 231 867 Ad
245 801 304 863 'liti
324 801 395 864 Livii
415 800 506 863 libros
524 803 581 862 boo
606 801 791 880 potissimum
816 813 950 884 tempore
971 803 1069 866 denuo

110 885 360 964 recognoscendos
381 891 519 947 nontam
543 903 609 946 mea
631 894 737 964 sponte
760 887 887 958 accessi,
914 905 983 948 cum
1004 905 1069 949 rem

110 968 296 1031 differendam
319 974 473 1048 putarem,
495 969 565 1030 dum
583 969 619 1030 dc
634 968 781 1030 librorum
798 971 1068 1050 manuscriptorum

109 1051 250 1122 subsidiis,
267 1069 343 1130 quae
358 1070 454 1132 nuper
469 1053 640 1130 investigata
655 1071 719 1114 esse
736 1053 890 1132 dicuntur,
909 1060 1067 1124 constaret,

109 1153 191 1215 quam
197 1142 398 1216 provocatusa
410 1137 480 1198 viris
487 1136 710 1207 honestissimis,
728 1139 816 1214 quiin
831 1137 956 1199 consilio
968 1139 1067 1200 ab.G.

108 1217 262 1281 Teubnero
278 1219 315 1281 de
331 1221 415 1282 novis
430 1219 608 1282 editionibus
623 1226 756 1281 veterum
765 1223 947 1300 scriptorum
960 1217 1068 1300 paran-

108 1303 150 1364 dis
163 1311 247 1382 capto
262 1305 327 1383 pari
343 1304 439 1365 studio
456 1310 640 1382 permanent.
662 1300 720 1371 Qui
734 1320 803 1364 cum
820 1303 980 1365 editionem
996 1304 1067 1364 Livii

107 1393 172 1447 aute
190 1385 247 1446 bos
266 1403 372 1447 novem
391 1403 484 1447 annos
508 1404 524 1446 a
545 1403 593 1446 me
609 1385 777 1446 inchoatam
798 1391 936 1465 repetere
951 1386 1068 1456 vellent,

108 1485 227 1547 eamque
241 1474 271 1530 et
291 1468 327 1530 ad
343 1486 429 1531 usum
445 1468 677 1530 commodiorem
691 1468 777 1530 reddi
793 1475 822 1531 et
838 1485 871 1531 ea
888 1469 965 1532 adici
980 1489 1067 1550 cupe-

106 1560 184 1622 rent,
208 1569 283 1630 quae
306 1552 344 1614 de
361 1555 419 1614 vita
441 1553 475 1614 Τ.
495 1553 569 1614 Livii
595 1553 671 1614 scitu
694 1552 782 1631 digna
803 1559 917 1624 essent,
940 1561 973 1614 ut
994 1555 1067 1614 hanc

106 1654 205 1696 curam
218 1638 394 1716 reciperem,
412 1638 471 1698 lam
489 1636 541 1698 diu
557 1654 633 1698 amc
651 1637 828 1715 petiverunt.
853 1637 892 1698 lis
908 1639 999 1716 igitur
1016 1637 1067 1698 ob·

106 1726 239 1790 secutus,
259 1723 398 1799 quoniam
417 1723 449 1782 iu
470 1721 563 1800 copiis
588 1719 836 1797 acquiescendum
858 1728 923 1782 erat
942 1721 973 1782 in
997 1720 1068 1781 alio·

107 1821 171 1866 rum
187 1821 275 1864 usum
289 1807 408 1884 paratis,
426 1805 562 1866 codicum
577 1804 724 1884 excerptis
744 1810 774 1866 et
797 1806 917 1885 optimis
935 1804 1069 1866 editioni·

104 1889 159 1948 bus
171 1886 269 1949 denuo
283 1888 480 1968 perlustratis,
497 1906 572 1966 quae
587 1889 646 1948 iam
657 1905 718 1948 uon
732 1887 886 1966 probanda
898 1888 1069 1949 viderentur

104 1971 235 2041 correxi,
256 1972 286 2033 id
308 1978 406 2033 autem
426 1971 597 2038 consilium,
620 1971 700 2046 quod
720 1972 871 2048 inpriore
894 1971 1069 2031 recensione

103 2065 220 2116 secutus
243 2073 324 2125 sum,
346 2052 506 2115 tenendum
527 2054 640 2132 putavi,
662 2058 695 2112 ut
717 2053 896 2130 optimorum
920 2051 1068 2114 librorum

102 2139 281 2216 scripturam
302 2136 524 2215 religiosissime
539 2136 659 2213 quidem
675 2151 839 2206 servarem,
860 2136 912 2197 sed
928 2137 965 2198 iis
985 2135 1067 2206 locis,

102 2221 154 2282 ubi
174 2229 224 2281 aut
243 2220 356 2282 lacunis
379 2227 430 2281 aut
444 2219 628 2299 glossematis
648 2225 699 2279 aut
715 2220 826 2297 apertIs
844 2219 1000 2280 erroribus
1018 2221 1068 2282 de·

102 2305 221 2366 formati
236 2313 348 2375 esseut,
368 2303 414 2366 vel
431 2304 632 2365 recentiorum
649 2303 785 2364 codicum
802 2301 944 2364 lectiones
965 2302 1011 2364 vel
1027 2307 1068 2362 vi-

100 2406 206 2450 rorum
221 2389 375 2449 doctorum
391 2389 578 2448 coniecturas
592 2385 747 2449 admittere
761 2403 822 2446 non
843 2384 1020 2456 dubitarem,
1041 2397 1069 2448 et

100 2472 131 2533 id
147 2471 267 2534 efficere
282 2471 447 2542 studerem,
463 2476 497 2532 ut
510 2470 544 2531 T.
560 2469 634 2530 Livii
653 2469 723 2530 libri
740 2470 803 2530 sine
819 2471 955 2546 grauiore
976 2471 1067 2532 olien-

99 2557 186 2617 sioue
206 2553 331 2634 intelligi
350 2561 480 2636 possent,
495 2571 569 2614 neve
584 2560 725 2632 corrupta
740 2552 876 2613 codicum
889 2553 949 2613 sive
964 2552 1067 2614 melio-

100 2649 170 2700 ru‘m
188 2640 247 2701 sive
263 2641 396 2700 omnium
414 2640 563 2718 scriptura
581 2643 696 2698 servata
709 2634 960 2714 perturbarentur
975 2639 1068 2715 magis

98 2723 264 2800 legentium
286 2724 392 2793 animi,
415 2739 502 2802 quam
524 2722 560 2792 ii,
588 2738 715 2800 quorum
740 2718 808 2780 talia
834 2721 912 2781 scire
934 2721 1067 2791 interest,

98 2824 171 2866 cum
195 2806 314 2869 aliunde
332 2808 409 2868 scire
424 2811 560 2885 possent,
576 2803 794 2866 adiuvarentur.
825 2802 936 2865 Eadem
953 2806 1067 2865 ratione

5 2940 12 2954 .
96 2890 210 2951 ductus
231 2893 319 2953 etiam
338 2892 370 2951 iu
391 2888 576 2967 singulorum
595 2887 807 2962 vocabulorum
828 2887 977 2965 scriptura
992 2891 1068 2968 opti-

95 2993 166 3037 mos
184 2975 303 3036 codices
316 2975 358 3035 ita
372 2991 438 3035 sum
452 2978 582 3044 secutus,
597 2977 631 3032 ut
641 2983 745 3050 neque
754 2973 844 3032 nimia
859 2968 1011 3033 scribendi
1022 2974 1067 3032 ln-

94 3059 267 3121 oonstantia
279 3058 440 3136 legentium
451 3055 531 3118 oculi
541 3055 730 3118 laederentur
746 3056 824 3117 etad
839 3072 904 3116 eam
919 3053 1067 3142 licentiam

93 3142 307 3204 adolescentes
327 3139 535 3210 invitarentur,
558 3157 656 3219 neque
679 3147 778 3200 tamen
799 3139 897 3199 omnia
922 3138 1068 3198 adunam

94 3241 239 3288 normam
255 3225 416 3304 redigenda
431 3231 576 3286 nutarem.
598 3225 693 3294 etune
704 3241 763 3298 quo
774 3221 889 3283 facilius
900 3221 931 3292 ii,
948 3224 999 3301 qui
1012 3222 1068 3282 bac

93 3309 233 3371 editione
250 3315 387 3380 utentur,
409 3325 484 3386 quae
506 3321 602 3379 certa,
628 3325 703 3384 quae
724 3308 905 3386 optimorum
921 3303 1068 3366 librorum

91 3395 259 3454 autoritate
282 3392 418 3454 destituta
441 3398 539 3454 essent
561 3408 741 3470 cognoscere
761 3399 900 3470 possent,
921 3407 989 3450 cum
1011 3391 1068 3448 iam

92 3494 162 3540 non
171 3494 248 3556 opus
257 3476 478 3538 essevideretur
487 3474 537 3536 illa
552 3475 732 3544 indicarem
748 3474 854 3552 quibus
869 3471 904 3592 εξ
922 3472 1068 3533 Alschefs-

867 3577 882 3616 d
