2580 3954
227 260 289 322 210
399 271 552 315 ornnem.
585 271 655 314 cnr.
675 264 715 316 13.
731 262 772 318 14.
803 249 843 335 [a.
861 273 891 314 u.
907 272 933 316 c.
949 252 1013 330 315]

226 424 280 482 tim
303 422 445 499 agendam
467 427 653 498 susceperat,
682 437 749 480 oum
775 421 807 480 in
831 426 957 498 utraque
980 420 1068 482 domo
1090 439 1185 499 genus

226 506 305 567 idem
328 504 482 566 hominum
503 511 685 575 versaretur,
710 520 775 564 rem
797 511 971 583 conpertam
990 504 1027 565 ad
1048 513 1186 567 senatum

192 606 209 658 o
226 589 334 659 relert,
351 587 409 650 tela
424 589 456 647 in
472 588 592 648 domum
605 585 702 648 Maelii
716 587 863 658 conferri,
887 605 1014 666 eumque
1030 589 1185 650 contiones

227 673 306 734 donni
326 671 438 734 habere
457 689 492 732 ac
516 687 577 731 non
598 669 687 732 dubia
709 672 794 747 regui
812 669 936 732 consilia
958 689 1032 733 esse.
1066 677 1185 751 tempus

227 757 357 834 agendae
372 757 417 817 rei
431 754 562 816 nondmu
574 759 670 823 stare3
693 759 793 815 cetera
808 756 868 816 iam
882 755 1069 827 conventase,
1088 760 1118 817 et
1131 756 1184 815 tri·

226 840 323 901 bunos
337 839 476 900 mercede
492 842 606 915 emptos
628 837 664 898 ad
679 837 862 916 prodendam
878 836 1047 900 libertatern
1070 844 1099 901 et
1115 857 1185 918 par-

226 925 279 983 tita
294 921 419 983 ducibus
430 919 626 982 multitudinis
641 922 804 982 ministeria
819 941 894 984 esse.
924 922 1020 983 serius
1032 940 1065 983 se
1078 940 1184 1001 paene,

227 1023 315 1085 quam
329 1011 425 1065 tutum
441 1003 547 1073 inerit,
563 1021 601 1064 ne
612 1005 697 1065 cuius
713 1005 821 1066 incerti
836 1006 960 1084 vanique
975 1011 1079 1066 auctor
1096 1011 1184 1075 esset,

176 1106 209 1160 lo
227 1108 262 1151 ea
277 1089 403 1150 deierre.
432 1105 507 1166 quae
518 1093 676 1166 postquam
690 1094 760 1148 sunt
771 1089 870 1150 audita
885 1095 915 1150 et
929 1087 1061 1167 undique
1072 1090 1184 1168 primo-

225 1191 274 1235 res
297 1177 417 1251 patrum
436 1176 466 1232 et
491 1170 600 1249 prioris
623 1172 694 1232 anni
716 1171 854 1234 consules
874 1173 1081 1250 increparent,
1105 1171 1185 1249 quod

226 1275 275 1319 eas
288 1255 462 1334 largitiones
478 1261 640 1334 coetusque
650 1252 746 1332 plebis
761 1257 791 1316 in
806 1256 920 1334 privata
934 1254 1022 1316 domo
1040 1256 1121 1335 passi
1138 1273 1185 1316 es·

225 1347 291 1403 sent
308 1340 388 1409 fieri,
404 1345 433 1400 et
447 1356 538 1400 novos
553 1337 706 1410 consules,
726 1339 804 1417 quod
821 1345 1041 1418 expectassent,
1057 1339 1184 1400 doueoa

224 1424 377 1504 praelecto
393 1440 528 1484 annonae
550 1427 693 1484 tantares
707 1421 744 1483 ad
759 1429 894 1484 senatum
908 1421 1090 1494 deferretur,
1108 1441 1185 1502 quae

226 1505 380 1569 consulem
396 1523 457 1566 non
473 1511 625 1567 auctorem
636 1504 732 1568 solum
747 1505 930 1568 desideraret
948 1507 1001 1568 sed
1018 1508 1106 1568 etiam
1121 1507 1184 1568 viu·

175 1602 204 1656 lt
226 1592 336 1652 dicem:
367 1596 431 1650 tum
454 1586 608 1658 Quinctius
636 1587 773 1651 eonsules
802 1591 941 1651 inmerito
961 1591 1112 1670 increpari
1135 1591 1184 1661 ait,

226 1675 277 1755 qni
299 1673 453 1736 constricti
471 1671 587 1752 legibus
611 1673 648 1736 de
676 1674 886 1753 provocatione
908 1673 945 1736 ad
965 1673 1184 1736 dissolvendum

224 1759 384 1838 imperium
397 1756 465 1820 latis
479 1775 666 1837 nequaquam
690 1762 805 1817 tantum
830 1758 938 1819 virium
956 1759 988 1819 in
1010 1758 1184 1836 magistratu

226 1842 263 1903 ad
278 1861 344 1904 eam
365 1860 429 1904 rem
450 1859 506 1920 pro
528 1841 681 1902 atrocitate
705 1839 910 1902 vindicandam
930 1847 1071 1920 quantum
1093 1841 1184 1901 amnti

225 1925 379 1988 baberent.
409 1943 484 2005 opus
497 1943 561 1987 esse
572 1941 633 1984 non
644 1923 716 1986 lorti
730 1922 826 1986 solum
841 1925 902 1984 viro
918 1925 970 1986 sed
986 1927 1073 1987 etiam
1087 1923 1184 1986 libero
1272 1955 1273 1966 ³

116 2084 121 2090 N
179 2025 208 2075 12
228 2008 420 2088 exsolutoque
435 2008 535 2087 legum
549 2006 662 2070 vinclis.
693 2009 793 2087 itaque
808 2027 841 2070 se
855 2008 1031 2070 motatorem
1041 2007 1073 2070 L.
1091 2005 1183 2077 Quin·
1271 2057 1272 2074 ,

227 2095 319 2153 edum
338 2093 501 2153 dicturum:
518 2090 562 2152 ibi
576 2093 707 2153 animum
723 2110 828 2170 parem
844 2098 941 2153 tantae
952 2093 1091 2170 potestati
1107 2110 1183 2154 esse.

227 2173 460 2254 adprobantibus
476 2175 590 2236 cunctis
604 2176 701 2253 primo
719 2171 873 2244 Quinctius
896 2175 1046 2246 abnuere,
1069 2175 1185 2254 etquid
1270 2183 1271 2187 ’

227 2259 284 2321 sibi
300 2257 408 2320 vellent
424 2258 569 2334 rogitare,
592 2259 643 2337 qui
659 2277 692 2320 se
706 2264 801 2320 aetate
817 2265 918 2320 exacta
940 2265 1038 2321 tantae
1061 2259 1184 2320 dimica·
1269 2287 1270 2297 κ

178 2358 208 2410 13
227 2343 301 2403 tioni
324 2340 486 2420 obicerent.
524 2341 606 2412 dein,
634 2359 702 2404 eum
728 2343 858 2421 undique
880 2341 947 2422 plus
970 2344 1002 2402 in
1025 2341 1075 2404 illo
1097 2341 1184 2404 senili
1268 2393 1269 2404 ,

228 2427 326 2486 animo
340 2442 400 2485 non
415 2423 530 2487 eousiiil
549 2426 639 2488 modo
650 2427 704 2489 sed
720 2427 809 2488 edam
829 2427 945 2488 virtutis
966 2444 1137 2506 essequam
1151 2428 1183 2486 in

228 2507 365 2570 omnibus
382 2507 446 2570 aliis
461 2509 596 2572 dicerent
614 2509 810 2588 laudibusque
825 2509 906 2572 hand
918 2511 1063 2572 inmeritis
1077 2526 1183 2570 onera·
1267 2505 1268 2515 ’

179 2606 210 2658 14
227 2599 309 2664 rent,
327 2598 356 2654 et
370 2592 475 2655 consul
489 2593 563 2654 nihii
574 2596 752 2664 remitteret,
768 2600 907 2672 precatus
921 2594 1041 2656 tandem
1052 2593 1123 2655 deos
1137 2595 1183 2654 iu·
1266 2617 1267 2625 ¹

228 2675 365 2738 mortales
382 2677 585 2748 Cincinnatus,
601 2695 639 2739 ne
655 2685 793 2740 senectus
808 2695 861 2739 sua
876 2678 907 2738 in
922 2684 981 2738 tarn
995 2676 1119 2756 trepidis
1134 2693 1183 2738 re·

226 2760 282 2822 bns
298 2759 405 2821 damno
422 2759 595 2822 dedecorive
610 2763 657 2823 rei
672 2759 809 2840 publicae
827 2767 919 2830 esset,
940 2761 1096 2822 dictatore
1111 2777 1184 2821 con·

227 2842 290 2905 sule
305 2842 422 2904 dieitur.
451 2845 516 2922 ipse
530 2843 636 2906 deinde
651 2845 681 2907 C.
699 2842 855 2906 Servilium
869 2842 991 2906 Ahalam
1006 2845 1182 2922 magistram

227 2927 360 3004 equitum
375 2927 455 2988 dicit.
1262 2969 1263 2972 ,

194 3018 207 3071 l
288 3009 360 3071 XIV.
391 3011 513 3072 Postero
534 3011 582 3072 die
606 3010 757 3091 dispositis
778 3013 934 3090 praesidiis
949 3029 1016 3072 cum
1036 3012 1069 3072 in
1083 3011 1181 3070 iorum
1261 3083 1262 3094 ἶ

226 3093 443 3165 descendisset,
469 3113 670 3174 conversaque
689 3098 720 3156 in
735 3114 804 3156 eum
823 3094 908 3174 plebs
929 3096 1059 3157 novitate
1078 3095 1123 3155 rei
1146 3112 1181 3154 ac

226 3177 368 3240 musculo
391 3185 484 3250 esset,
507 3187 536 3241 et
548 3178 684 3240 Maeliani
705 3187 792 3257 atque
812 3179 877 3257 ipse
898 3179 957 3240 dux
975 3196 1079 3239 eorum
1099 3178 1130 3236 in
1147 3195 1181 3237 se

191 3264 207 3312 ²
226 3264 370 3322 intentam
389 3265 447 3323 vim
464 3263 535 3323 tanti
550 3263 667 3341 imperii
689 3269 860 3332 cernerent,
883 3267 1019 3340 expertes
1040 3259 1181 3321 oonsilio-

226 3362 293 3404 rum
307 3345 405 3423 regni,
418 3347 469 3423 qui
483 3345 639 3416 turnultus,
658 3345 737 3425 quod
752 3344 862 3406 bellum
873 3362 982 3423 repens
994 3351 1044 3405 aut
1057 3343 1181 3404 dictato·

225 3427 300 3488 riam
314 3429 495 3490 maiestatem
508 3435 558 3489 aut
573 3426 741 3498 Qreinctium
755 3435 824 3509 post
840 3429 1052 3506 octogesimum
1069 3443 1180 3488 annum

225 3516 373 3571 rectorem
395 3510 596 3589 reipublicae
618 3514 795 3591 quaesisset,
818 3513 997 3591 rogitarent,
1015 3510 1123 3572 missus
1140 3505 1178 3568 ab
