2522 3954
279 211 327 258 ΒΕ
344 211 417 260 'I’ITI
438 211 526 260 mvn
544 212 625 260 vina
643 213 687 262 nr
708 213 874 266 scutrum.
954 215 1053 266 nxvn

88 379 159 436 tem,
177 387 268 446 neque
287 368 422 428 clausulas
442 369 599 428 insistentes
613 379 660 429 ant
677 373 866 447 aequalitatem
884 375 1052 450 inpartibus

87 454 193 530 pariter
214 453 387 535 dimetiendis
408 461 436 510 et
459 455 587 510 ornandis
606 455 794 531 conspicuam.
818 459 866 515 sed
880 459 1010 517 laxiorem
1024 467 1051 518 e·

85 537 248 596 liberiorem
260 536 405 594 verborum
420 538 669 613 sententiarumque
684 541 903 599 coniunctionem
924 552 951 600 et
970 559 1053 600 mem·

87 623 203 680 brorum
219 621 308 680 minus
319 619 430 678 definito
441 621 585 680 verborum
601 640 713 680 numero
728 641 816 698 neque
838 633 892 683 tam
906 635 965 684 arte
981 627 1052 685 inter

20 723 23 727 ·
86 722 116 762 se
130 704 328 780 colligatorum
343 705 614 779 coagmentationem,
629 724 698 782 quae
713 706 774 782 plus
789 710 928 768 varietatis
942 719 970 766 et
983 708 1051 767 leni·

87 789 153 848 tatis
170 789 255 846 babet
276 796 304 845 et
324 789 415 846 adres
430 790 549 846 diversas
565 788 671 848 facilius
688 798 716 848 ct
733 793 823 868 aptius
838 801 931 868 potest
947 811 1051 852 accom-
1077 836 1079 840 ‚

85 873 203 930 modari.
228 871 311 941 Qum
322 871 455 930 rationem
470 890 531 930 cum
542 873 632 931 livius
647 891 738 932 rerum
750 879 969 951 exponendarum
983 878 1039 934 mul

87 957 201 1014 titudini
212 956 415 1014 convenientem
430 973 491 1014 esse
501 957 654 1022 iudicasset,
668 975 723 1016 uon
735 960 926 1018 concinnitatis
942 961 1050 1036 quidem

85 1041 168 1098 laude
182 1046 260 1098 caret
282 1055 333 1096 nec
352 1040 558 1111 compositionis
574 1051 731 1100 ornamenta
748 1053 917 1118 aspernatur,
933 1045 1050 1102 sednon

84 1125 118 1180 iis
135 1122 259 1198 legibus.
277 1139 344 1198 quas
359 1123 453 1181 Cicero
471 1123 571 1199 aliique
593 1132 716 1184 oratores
738 1127 925 1190 observarunt.
944 1130 972 1185 in
989 1145 1051 1186 sen-

86 1207 237 1266 tentiarum
255 1215 284 1264 et
303 1206 478 1281 periodorum
497 1208 713 1268 conforrnatione
733 1227 793 1268 sese
814 1213 987 1286 adstringens
1002 1212 1051 1269 mi-

84 1290 168 1348 rabili
188 1291 332 1354 varietate,
358 1298 391 1348 ut
414 1299 440 1347 et
463 1291 552 1348 taedio
572 1290 722 1366 legentium
742 1303 868 1351 occurrat
891 1295 1051 1369 animosque

84 1391 196 1450 semper
211 1390 360 1450 suspensos
375 1382 479 1439 toneat,
496 1383 524 1432 et
541 1392 574 1432 ne
591 1375 655 1450 quid
670 1375 811 1451 negligant
826 1379 975 1442 admoneat,
992 1394 1050 1434 res·

85 1475 139 1534 que
155 1467 189 1516 ut
203 1457 293 1516 verbis
308 1464 447 1532 exaequet.
463 1459 598 1516 diversum
611 1466 640 1516 et
652 1459 794 1535 multiplex
806 1470 994 1536 argumentum
1008 1477 1050 1518 se·

83 1542 191 1617 quitur,
210 1542 292 1600 modo
307 1540 433 1600 brevibus
450 1541 597 1600 enuntiatis
613 1543 771 1617 gravissima
789 1551 894 1603 tantum
911 1545 1050 1620 attingens

84 1625 241 1684 minoribus
257 1623 389 1700 neglectis
406 1626 527 1700 graviter
541 1626 657 1692 incedit;
673 1629 754 1685 modo
771 1629 860 1686 omnia
876 1645 974 1702 magua
987 1645 1049 1686 sen·

85 1709 237 1766 teutiarum
255 1707 328 1766 mole
346 1708 491 1768 artificiose
506 1709 656 1768 vinetarum
670 1709 803 1776 illustrat,
826 1712 907 1770 modo
933 1711 1050 1788 simplior

83 1811 176 1868 nequo
197 1809 314 1868 operosa
327 1792 471 1851 verborum
490 1801 628 1854 structura
641 1795 738 1868 utitur,
756 1797 837 1854 modo
853 1796 1005 1869 implicatus
1021 1805 1050 1853 et

83 1879 175 1953 primo
196 1885 310 1952 aspectu
330 1884 473 1935 contortos
487 1877 588 1934 sensim
606 1876 756 1936 diluceates
772 1879 916 1937 verborum
933 1878 1049 1936 ambitus

82 1959 225 2026 cumulat;
246 1959 311 2017 alibi
324 1967 403 2035 grata
420 1961 533 2035 quadam
547 1959 714 2035 negligentia
732 1979 801 2036 quae
816 1961 989 2020 inchoaverat
1003 1961 1049 2018 ab·

83 2046 190 2120 rumpit
216 2042 394 2119 legentesque
413 2043 509 2101 fallens
529 2043 581 2101 alia
600 2047 681 2118 atque
705 2045 855 2120 exspectari
879 2051 1048 2120 poterat'ra-

83 2130 160 2187 tione
181 2129 216 2186 ad
237 2127 317 2185 finem
334 2128 472 2202 perducit,
489 2126 554 2184 alibi
567 2128 750 2186 membrorum
765 2127 949 2186 concinnitate
966 2138 1049 2202 atque

83 2210 279 2287 aequabilitate
299 2228 343 2268 res
360 2212 536 2286 persequitur
549 2219 577 2268 et
597 2211 744 2286 aptissimis
767 2212 886 2270 numeris
900 2211 1047 2276 concludit.

82 2296 295 2371 gratissimaque
316 2302 375 2352 arte
397 2295 429 2352 ad
456 2311 501 2352 cas
525 2295 709 2353 accommodat
725 2296 806 2352 verba
832 2303 860 2353 et
883 2295 1047 2359 sententias:

83 2398 147 2438 raro
172 2377 296 2436 molestis
316 2377 437 2436 artificiis
459 2378 501 2436 sui
523 2379 615 2454 potius
630 2379 834 2436 admirationem
851 2381 949 2436 excitat
967 2397 1046 2454 quam
1112 2384 1114 2387 ’

83 2462 277 2539 perspicuitati
292 2470 320 2519 et
335 2459 442 2519 veritati
460 2462 587 2520 consulit.

150 2547 239 2605 Sicuti
258 2545 286 2602 in
307 2545 356 2602 bac
376 2562 406 2602 rc
426 2563 505 2602 suum
529 2546 621 2620 potius
636 2554 745 2604 secutus
765 2555 809 2603 est
823 2545 950 2603 iudicium
966 2563 1045 2619 quam

83 2634 167 2690 unius
179 2646 213 2687 ex
226 2628 365 2704 prioribus
378 2629 528 2703 exemplum
543 2629 694 2688 imitatione
711 2629 853 2704 expressit,
870 2629 908 2686 ita
922 2629 1002 2687 etiam
1018 2629 1045 2686 in

83 2715 233 2774 vorborum
249 2712 356 2771 delectu
374 2721 403 2769 et
419 2712 623 2771 constructione
643 2721 671 2771 et
687 2712 867 2772 collocatione
887 2712 949 2788 plus
964 2713 1046 2771 liber-

84 2801 150 2858 tatis
176 2797 288 2856 concedi
308 2797 414 2854 ridebat
435 2796 573 2855 historicis
594 2815 673 2872 quam
689 2797 852 2855 oratoribus.
886 2797 951 2854 Nam
973 2798 1046 2872 quod

84 2881 269 2953 Quintilianus
283 2880 344 2938 loco
356 2897 439 2956 supra
450 2879 558 2940 laudato
565 2881 644 2939 dicit:
660 2881 793 2946 „historia
805 2881 934 2940 scribitur
941 2880 974 2938 ad
983 2898 1045 2937 nar-

84 2967 202 3024 randum
218 2981 274 3022 nou
288 2964 320 3021 ad
336 2965 520 3040 probandum3
535 2972 678 3040 totumquo
697 2983 765 3040 opus
779 2981 836 3022 non
851 2967 884 3022 ad
898 2972 987 3022 actum
1005 2965 1045 3021 rei

85 3065 262 3128 pugnamque
272 3056 450 3124 praesentem,
462 3049 510 3106 sed
518 3049 550 3106 ad
562 3050 717 3106 memoriam
728 3049 897 3123 posteritatis
910 3055 937 3106 et
948 3048 1046 3104 iamum

85 3133 276 3210 componitur;
294 3133 410 3207 ideoque
432 3141 460 3190 et
484 3132 573 3190 verbis
599 3131 792 3192 remotioribus
816 3140 844 3189 et
867 3129 1044 3189 liberioribus

84 3219 181 3294 liguris
196 3217 323 3275 narrandi
338 3216 454 3274 taedium
464 3216 579 3283 evitat“;
596 3226 623 3275 et
638 3216 711 3292 quod
721 3215 824 3272 Plinius
835 3213 918 3289 Epist.
927 3214 956 3278 V,
965 3220 990 3278 8,
998 3222 1046 3275 lo:

94 3303 157 3367 ,alia
177 3301 260 3359 rerba
284 3300 312 3357 iu
333 3301 457 3359 oratioue
476 3309 556 3376 atque
578 3301 606 3358 in
626 3299 757 3363 historia,
781 3298 849 3356 alius
872 3315 969 3362 sonus,
993 3297 1044 3355 alia

85 3386 283 3450 constructio“‚
308 3394 404 3460 postea
421 3385 539 3455 monuit.
568 3385 595 3442 id
619 3385 672 3442 iam
685 3383 774 3440 livius
800 3399 891 3440 rerum
916 3382 1043 3456 scriptori

85 3471 209 3546 permitti
224 3469 394 3528 intellexerat
408 3477 436 3526 et
450 3469 501 3526 sibi
516 3469 703 3528 vindicaverat.
728 3467 821 3540 ltaque
835 3483 891 3582 nqn
906 3466 933 3522 in
948 3480 1043 3522 eorum

841 3567 857 3604 e
