2572 3956
311 243 407 286 omne
421 243 470 287 ιιι.
497 244 567 287 one.
583 235 611 287 t.
638 223 678 306 [a.
695 225 730 286 G.
745 225 875 308 tet-465]
1009 231 1071 294 127

115 409 188 470 agro
208 392 311 454 stativa
333 390 438 454 hahuit
453 389 589 473 [castra]
622 394 706 471 quies
720 395 888 454 necessaria
903 393 1009 456 morbo
1024 396 1069 459 in·

113 475 250 556 plicitum
271 476 433 537 exercitum
453 476 558 536 tenuit.
588 481 752 538 extractum
775 479 807 536 in
823 479 945 540 tertium
960 489 1104 540 annumt

113 557 227 620 bellum
242 564 287 620 est
304 554 338 627 0.
350 557 442 619 Fabio
458 564 487 620 et
501 559 535 618 Τ.
549 556 686 628 Quinctio
702 559 883 623 consulibus.
912 559 1004 622 Fabio
1020 579 1069 622 ex·

113 649 161 703 tra
173 641 323 712 ordinem,
340 643 409 719 quia
419 643 445 704 is
455 643 550 702 victor
560 659 666 720 pacem
677 642 786 721 Aequis
796 644 934 715 dederat,
950 662 984 705 ee
999 662 1069 724 pro·
1089 707 1092 712 Δ

113 728 211 787 vincia
225 725 302 786 data.
333 727 384 802 qui
405 724 485 785 haud
500 723 590 785 dubia
605 743 659 803 spe
673 726 825 804 proiectus
845 727 953 788 famam
976 729 1070 788 nomi·
1087 734 1104 786 3

114 811 161 871 nis
186 810 234 870 sui
267 813 440 886 pacaturam
461 808 579 885 Aequos
603 807 716 885 legatos
736 809 769 868 iu
791 809 950 871 concilium
975 811 1071 889 gentis

113 893 222 954 missos
242 893 381 953 nuntiare
402 892 489 953 iussit
499 887 540 960 Q.
556 889 681 952 Fabium
701 891 854 954 consulem
869 893 969 954 dicere
985 911 1018 954 se
1035 911 1070 954 ex

113 977 223 1053 Aequis
244 992 348 1053 pacem
366 974 490 1035 Romam
509 972 628 1044 tulisse,
653 973 690 1035 ab
711 975 805 1036 Roma
829 976 938 1054 Aequis
958 975 1070 1036 bellum

113 1059 232 1120 adferre
249 1058 351 1119 eadem
370 1057 490 1120 dextera
506 1064 633 1127 armata,
655 1070 744 1136 quem
758 1066 892 1137 pacatam
906 1058 965 1122 illis
983 1064 1069 1120 antea

113 1142 244 1202 dederat.
273 1157 400 1218 quorum
419 1139 453 1200 id
465 1140 588 1218 perfidia
606 1147 637 1202 et
657 1143 790 1220 periurio
809 1142 875 1212 fiat,
897 1143 969 1210 deos
988 1159 1068 1203 nunc
1086 1146 1104 1195 4

112 1231 205 1286 testes
228 1241 309 1293 esse,
329 1241 399 1284 mox
418 1224 484 1284 iore
504 1221 627 1286 ultores.
658 1230 822 1295 setanion,
843 1232 1004 1303 utcumque
1019 1227 1067 1294 sit,

113 1309 203 1369 etlam
219 1325 300 1368 nunc
313 1309 466 1385 paenitere
481 1323 535 1368 sue
549 1313 655 1384 sponte
668 1307 786 1386 Aequos
800 1326 889 1386 quam
901 1310 962 1388 pati
975 1308 1068 1368 hosti·

111 1391 152 1452 lia
166 1389 264 1451 malle.
293 1392 319 1452 si
335 1391 499 1469 paeniteat,
515 1395 612 1452 tutum
627 1399 782 1470 receptum
796 1392 833 1452 ad
845 1398 998 1471 expertam
1009 1390 1068 1452 cle·
1086 1393 1103 1445 5

111 1475 253 1535 mentium
273 1474 353 1542 sore;
381 1475 434 1534 sin
454 1474 587 1552 periurio
612 1474 773 1552 gaudeant,
805 1475 850 1536 dis
870 1476 963 1552 magis
986 1475 1068 1534 iratis

114 1573 203 1636 quam
215 1555 351 1619 nntius
362 1563 498 1635 gesturos
509 1555 631 1620 bellum.
661 1556 736 1620 haec
746 1558 824 1620 dicta
835 1557 909 1622 adeo
920 1557 993 1618 nihii
1004 1575 1067 1619 mo·
1085 1560 1103 1612 6

114 1647 219 1702 verunt
233 1655 426 1719 quemquem,
440 1647 475 1701 ut
489 1639 578 1718 legati
592 1659 688 1720 prope
702 1640 801 1704 violati
815 1642 890 1712 sint,
906 1642 1067 1704 exercitus·

112 1742 175 1803 que
185 1725 216 1785 in
233 1723 368 1802 Algidum
385 1723 525 1784 adversus
538 1723 688 1786 Romanos
703 1726 820 1787 missus.
851 1739 928 1803 quae
944 1722 994 1784 ubi
1008 1723 1067 1784 Ro·
1086 1730 1101 1779 ⁷

111 1825 191 1868 mam
205 1813 277 1868 sunt
288 1809 438 1876 nuntiata,
458 1807 618 1884 indignitas
630 1809 677 1868 rei
690 1810 784 1885 magis
798 1825 887 1886 quam
901 1806 1068 1886 periculum

112 1890 265 1952 consulem
292 1889 419 1952 aiterum
441 1888 477 1952 ab
501 1889 576 1951 urbe
599 1891 713 1951 excivit
753 1893 794 1952 ita
816 1891 874 1954 duo
895 1889 1067 1952 consuleres

112 1976 261 2036 exercitus
272 1973 309 2036 ed
320 1973 437 2036 hostem
448 1989 601 2035 accessere
616 1974 679 2036 acie
691 1975 850 2045 instructa,
865 1981 899 2035 ut
911 1973 1067 2036 confestim

112 2059 298 2120 dimicarent.
327 2057 381 2119 sed
401 2075 469 2118 oum
484 2057 561 2120 torte
575 2056 655 2119 hand
671 2056 798 2120 multum
814 2058 873 2120 diei
887 2064 1066 2137 superesset,
1084 2066 1102 2118 8

111 2160 190 2204 uuus
211 2141 248 2202 ab
267 2143 393 2203 statione
416 2140 547 2204 hostium
570 2141 726 2203 exclamat:
751 2147 922 2212 „ostentare
939 2141 997 2203 hoc
1012 2147 1066 2210 cst,

110 2225 251 2296 Romani,
263 2243 324 2286 non
336 2241 441 2304 gerere
452 2223 572 2287 bellum.
595 2227 627 2286 in
637 2231 755 2288 noctem
768 2226 962 2288 inminentem
974 2225 1067 2286 aciem
1083 2235 1101 2286 ι

109 2311 268 2371 instruitis.
294 2308 430 2387 longiore
439 2307 508 2370 luce
522 2309 559 2370 ad
576 2308 607 2369 id
619 2315 786 2380 certamen,
802 2309 881 2388 quod
891 2311 997 2380 instat,
1013 2325 1066 2369 no·

110 2393 158 2455 bis
181 2411 256 2472 opus
278 2397 332 2455 est
361 2391 492 2453 crastino
513 2390 561 2453 die
583 2392 698 2454 oriente
717 2391 781 2454 sole
801 2393 897 2454 redite
910 2394 943 2454 in
962 2394 1065 2454 aciem.

111 2478 169 2540 erit
179 2477 265 2556 copia
275 2475 443 2555 pugnandi,
458 2492 497 2537 ne
508 2476 641 2536 timete.“
667 2473 715 2538 his
728 2476 849 2538 vocibus
860 2478 997 2538 imitatus
1011 2475 1066 2536 mi·
1086 2485 1118 2540 10

109 2560 154 2623 les
170 2561 201 2620 in
217 2560 295 2621 diem
312 2564 466 2638 posterum
480 2559 513 2618 in
528 2564 625 2620 castra
641 2559 810 2630 reducitur,
831 2559 950 2637 longam
966 2561 1066 2620 venire

109 2650 228 2706 noctem
246 2648 343 2714 ratus,
365 2659 441 2722 quse
456 2660 570 2706 morem
585 2643 756 2704 certaminis
774 2642 895 2705 iaceret.
926 2650 988 2704 tum
1002 2643 1066 2720 qul·

110 2727 179 2789 dem
193 2744 321 2808 corpora
335 2727 402 2789 cibo
425 2743 590 2804 somnoque
606 2731 720 2790 curant.
749 2725 801 2788 ubi
821 2724 928 2788 inluxit
946 2731 1066 2805 postero

111 2811 174 2881 die,
199 2811 283 2889 prior
302 2809 454 2890 aliquante
475 2811 608 2872 constitit
627 2810 760 2872 Romana
785 2811 879 2878 acies;
903 2809 1021 2870 tandem
1037 2815 1067 2870 et

109 2895 206 2971 Aequi
215 2911 399 2973 processere
421 2893 570 2974 proelium
580 2893 637 2956 iuit
647 2895 798 2971 utrimque
807 2893 975 2963 vehemens,
987 2892 1067 2970 quod
1087 2901 1116 2952 11

110 2985 141 3039 et
150 2976 300 3040 Romanus
316 2981 361 3040 ira
377 2977 503 3058 odioque
518 2976 684 3057 pugnabat,
708 2985 738 3039 ot
750 2978 867 3056 Aequos
883 2977 1067 3038 conscientia

109 3062 258 3123 contracti
278 3062 364 3141 culpa
385 3059 513 3141 periculi
533 3066 562 3121 et
579 3061 747 3140 desperatio
762 3061 879 3123 futurae
892 3057 950 3122 sibi
964 3067 1066 3137 postea

108 3145 179 3208 fidei
193 3143 297 3206 ultima
311 3145 421 3208 audere
436 3151 465 3206 et
478 3145 610 3224 experiri
628 3142 762 3222 cogebat
790 3159 850 3206 non
865 3149 964 3204 tamen
978 3144 1066 3203 susti·
1086 3150 1116 3200 ιι

108 3246 205 3292 nuere
220 3230 314 3290 aciem
329 3228 493 3290 Romanam
502 3228 612 3307 Aequi;
628 3227 766 3307 pulsique
783 3244 851 3288 cum
866 3228 898 3287 in
908 3227 982 3288 fines
996 3243 1067 3288 suos

108 3331 142 3374 se
157 3315 357 3391 recepissent,
374 3311 467 3374 nihilo
484 3310 723 3373 inclinatioribus
734 3311 771 3372 ad
782 3328 886 3390 pacem
900 3311 1006 3371 animis
1023 3309 1066 3371 se·

109 3409 166 3456 ιιι
180 3395 339 3458 multitudo
359 3399 516 3475 increpare
536 3395 643 3465 duces,
661 3394 741 3472 quod
755 3395 787 3454 in
804 3395 917 3465 aciem,
935 3411 993 3472 qua
1011 3411 1065 3472 pu·

108 3479 220 3558 gnaudi
236 3486 300 3542 arte
313 3480 464 3542 Romanus
479 3476 618 3550 excellat,
635 3479 853 3540 commisceres
871 3478 919 3539 sit.
948 3478 1066 3555 Aequos
1085 3484 1115 3535 lo
