<?xml version="1.0" encoding="UTF-8"?>
<!DOCTYPE html PUBLIC "-//W3C//DTD XHTML 1.0 Transitional//EN"
    "http://www.w3.org/TR/xhtml1/DTD/xhtml1-transitional.dtd">
<html xmlns="http://www.w3.org/1999/xhtml" xml:lang="en" lang="en">
 <head>
  <title>
</title>
<meta http-equiv="Content-Type" content="text/html;charset=utf-8" />
  <meta name='ocr-system' content='tesseract 3.04.00' />
  <meta name='ocr-capabilities' content='ocr_page ocr_carea ocr_par ocr_line ocrx_word'/>
</head>
<body>
  <div class='ocr_page' id='page_1' title='image "./aburbeconditali01rossgoog_0243.png"; bbox 0 0 2572 3956; ppageno 0'>
   <div class='ocr_carea' id='block_1_1' title="bbox 310 161 1129 284">
    <p class='ocr_par' dir='ltr' id='par_1_1' title="bbox 310 161 1129 284">
     <span class='ocr_line' id='line_1_1' title="bbox 310 161 1129 284; baseline 0.015 -28"><span class='ocrx_word' id='word_1_1' title='bbox 310 215 405 258; x_wconf 75' lang='lat' dir='ltr'><strong>ursus</strong></span> <span class='ocrx_word' id='word_1_2' title='bbox 420 215 455 256; x_wconf 88' lang='lat'><strong>11.</strong></span> <span class='ocrx_word' id='word_1_3' title='bbox 469 237 471 246; x_wconf 34' lang='grc' dir='ltr'><strong><em>ι</em></strong></span> <span class='ocrx_word' id='word_1_4' title='bbox 483 215 552 258; x_wconf 75' lang='lat' dir='ltr'><strong>aar.</strong></span> <span class='ocrx_word' id='word_1_5' title='bbox 567 205 611 260; x_wconf 85' lang='lat'><strong>41.</strong></span> <span class='ocrx_word' id='word_1_6' title='bbox 628 195 673 260; x_wconf 63' lang='lat' dir='ltr'><strong>42ss</strong></span> <span class='ocrx_word' id='word_1_7' title='bbox 693 197 733 276; x_wconf 83' lang='lat' dir='ltr'><strong>[a.</strong></span> <span class='ocrx_word' id='word_1_8' title='bbox 752 197 787 258; x_wconf 81' lang='lat'><strong>0.</strong></span> <span class='ocrx_word' id='word_1_9' title='bbox 801 199 933 278; x_wconf 71' lang='lat' dir='ltr'><strong>tes-483]</strong></span> <span class='ocrx_word' id='word_1_10' title='bbox 1038 205 1100 284; x_wconf 83' lang='lat'><strong>103</strong></span> <span class='ocrx_word' id='word_1_11' title='bbox 1127 161 1129 174; x_wconf 35' lang='lat'>¹</span> 
     </span>
    </p>
   </div>
   <div class='ocr_carea' id='block_1_2' title="bbox 71 360 1152 2614">
    <p class='ocr_par' dir='ltr' id='par_1_2' title="bbox 71 360 1152 1017">
     <span class='ocr_line' id='line_1_2' title="bbox 71 360 1099 445; baseline 0 -17"><span class='ocrx_word' id='word_1_12' title='bbox 71 422 75 428; x_wconf 90' lang='lat'>.</span> <span class='ocrx_word' id='word_1_13' title='bbox 135 383 278 434; x_wconf 79' lang='lat' dir='ltr'><strong>necasse,</strong></span> <span class='ocrx_word' id='word_1_14' title='bbox 301 361 511 442; x_wconf 85' lang='lat' dir='ltr'><strong>peculiumque</strong></span> <span class='ocrx_word' id='word_1_15' title='bbox 533 361 587 424; x_wconf 89' lang='lat' dir='ltr'><strong>illii</strong></span> <span class='ocrx_word' id='word_1_16' title='bbox 607 360 710 425; x_wconf 84' lang='lat' dir='ltr'><strong>Cereri</strong></span> <span class='ocrx_word' id='word_1_17' title='bbox 724 366 959 434; x_wconf 76' lang='lat' dir='ltr'><strong>contrectavisse:</strong></span> <span class='ocrx_word' id='word_1_18' title='bbox 981 368 1099 445; x_wconf 86' lang='lat' dir='ltr'><strong>signum</strong></span> 
     </span>
     <span class='ocr_line' id='line_1_3' title="bbox 137 443 1098 528; baseline 0.001 -18"><span class='ocrx_word' id='word_1_19' title='bbox 137 449 211 510; x_wconf 83' lang='lat' dir='ltr'><strong>inde</strong></span> <span class='ocrx_word' id='word_1_20' title='bbox 225 448 335 508; x_wconf 82' lang='lat' dir='ltr'><strong>iactum</strong></span> <span class='ocrx_word' id='word_1_21' title='bbox 350 464 416 528; x_wconf 86' lang='lat' dir='ltr'><strong>esse</strong></span> <span class='ocrx_word' id='word_1_22' title='bbox 431 453 461 507; x_wconf 91' lang='lat' dir='ltr'><strong>et</strong></span> <span class='ocrx_word' id='word_1_23' title='bbox 473 446 650 524; x_wconf 86' lang='lat' dir='ltr'><strong>inscriptum</strong></span> <span class='ocrx_word' id='word_1_24' title='bbox 664 465 721 518; x_wconf 85' lang='lat' dir='ltr'><strong>„cx</strong></span> <span class='ocrx_word' id='word_1_25' title='bbox 733 447 831 510; x_wconf 81' lang='lat' dir='ltr'><strong>Cassia</strong></span> <span class='ocrx_word' id='word_1_26' title='bbox 845 445 955 509; x_wconf 78' lang='lat' dir='ltr'><strong>familia</strong></span> <span class='ocrx_word' id='word_1_27' title='bbox 967 443 1098 513; x_wconf 77' lang='lat' dir='ltr'><strong>daurm.&#39;“</strong></span> 
     </span>
     <span class='ocr_line' id='line_1_4' title="bbox 134 525 1151 612; baseline -0.005 -18"><span class='ocrx_word' id='word_1_28' title='bbox 134 525 260 594; x_wconf 72' lang='lat' dir='ltr'><strong>bruenio</strong></span> <span class='ocrx_word' id='word_1_29' title='bbox 280 527 360 609; x_wconf 83' lang='lat' dir='ltr'><strong>apud</strong></span> <span class='ocrx_word' id='word_1_30' title='bbox 375 529 533 607; x_wconf 82' lang='lat' dir='ltr'><strong>quostiam,</strong></span> <span class='ocrx_word' id='word_1_31' title='bbox 553 529 643 608; x_wconf 85' lang='lat' dir='ltr'><strong>idque</strong></span> <span class='ocrx_word' id='word_1_32' title='bbox 663 532 787 610; x_wconf 88' lang='lat' dir='ltr'><strong>propius</strong></span> <span class='ocrx_word' id='word_1_33' title='bbox 797 532 889 598; x_wconf 77' lang='lat' dir='ltr'><strong>iidem</strong></span> <span class='ocrx_word' id='word_1_34' title='bbox 902 539 961 603; x_wconf 83' lang='lat' dir='ltr'><strong>est,</strong></span> <span class='ocrx_word' id='word_1_35' title='bbox 977 552 994 594; x_wconf 90' lang='lat' dir='ltr'><strong>a</strong></span> <span class='ocrx_word' id='word_1_36' title='bbox 1008 548 1098 612; x_wconf 85' lang='lat' dir='ltr'><strong>quae·</strong></span> <span class='ocrx_word' id='word_1_37' title='bbox 1119 540 1151 590; x_wconf 86' lang='lat'><strong>11</strong></span> 
     </span>
     <span class='ocr_line' id='line_1_5' title="bbox 137 611 1099 695; baseline 0.002 -18"><span class='ocrx_word' id='word_1_38' title='bbox 137 615 270 678; x_wconf 89' lang='lat' dir='ltr'><strong>storibus</strong></span> <span class='ocrx_word' id='word_1_39' title='bbox 290 615 422 678; x_wconf 79' lang='lat' dir='ltr'><strong>Caesone</strong></span> <span class='ocrx_word' id='word_1_40' title='bbox 441 611 542 675; x_wconf 80' lang='lat' dir='ltr'><strong>Fabio·</strong></span> <span class='ocrx_word' id='word_1_41' title='bbox 557 620 591 674; x_wconf 88' lang='lat' dir='ltr'><strong>et</strong></span> <span class='ocrx_word' id='word_1_42' title='bbox 609 613 642 675; x_wconf 68' lang='lat' dir='ltr'><strong>Ia.</strong></span> <span class='ocrx_word' id='word_1_43' title='bbox 662 613 778 676; x_wconf 80' lang='lat' dir='ltr'><strong>Valerio</strong></span> <span class='ocrx_word' id='word_1_44' title='bbox 800 615 879 678; x_wconf 72' lang='lat' dir='ltr'><strong>bam</strong></span> <span class='ocrx_word' id='word_1_45' title='bbox 890 644 892 648; x_wconf 87' lang='grc'><em>·</em></span> <span class='ocrx_word' id='word_1_46' title='bbox 903 616 1013 678; x_wconf 89' lang='lat' dir='ltr'><strong>dictam</strong></span> <span class='ocrx_word' id='word_1_47' title='bbox 1030 633 1099 695; x_wconf 92' lang='lat' dir='ltr'><strong>per·</strong></span> 
     </span>
     <span class='ocr_line' id='line_1_6' title="bbox 134 697 1099 779; baseline 0.003 -19"><span class='ocrx_word' id='word_1_48' title='bbox 134 698 317 770; x_wconf 78' lang='lat' dir='ltr'><strong>duellionis,</strong></span> <span class='ocrx_word' id='word_1_49' title='bbox 334 697 562 775; x_wconf 68' lang='lat' dir='ltr'><strong>damnmumque</strong></span> <span class='ocrx_word' id='word_1_50' title='bbox 580 697 683 775; x_wconf 90' lang='lat' dir='ltr'><strong>populi</strong></span> <span class='ocrx_word' id='word_1_51' title='bbox 698 697 825 770; x_wconf 80' lang='lat' dir='ltr'><strong>iudicio,</strong></span> <span class='ocrx_word' id='word_1_52' title='bbox 846 697 958 762; x_wconf 64' lang='lat' dir='ltr'><strong>diruas</strong></span> <span class='ocrx_word' id='word_1_53' title='bbox 978 700 1099 779; x_wconf 87' lang='lat' dir='ltr'><strong>publice</strong></span> 
     </span>
     <span class='ocr_line' id='line_1_7' title="bbox 135 779 1152 860; baseline 0.002 -15"><span class='ocrx_word' id='word_1_54' title='bbox 135 783 238 845; x_wconf 78' lang='lat' dir='ltr'><strong>aedes.</strong></span> <span class='ocrx_word' id='word_1_55' title='bbox 271 799 307 844; x_wconf 79' lang='lat' dir='ltr'><strong>ca</strong></span> <span class='ocrx_word' id='word_1_56' title='bbox 328 788 372 844; x_wconf 87' lang='lat' dir='ltr'><strong>ost</strong></span> <span class='ocrx_word' id='word_1_57' title='bbox 392 797 460 842; x_wconf 82' lang='lat' dir='ltr'><strong>arca</strong></span> <span class='ocrx_word' id='word_1_58' title='bbox 482 788 551 842; x_wconf 88' lang='lat' dir='ltr'><strong>ante</strong></span> <span class='ocrx_word' id='word_1_59' title='bbox 571 779 703 860; x_wconf 83' lang='lat' dir='ltr'><strong>Telluris</strong></span> <span class='ocrx_word' id='word_1_60' title='bbox 719 781 833 845; x_wconf 83' lang='lat' dir='ltr'><strong>aedem.</strong></span> <span class='ocrx_word' id='word_1_61' title='bbox 867 791 1015 855; x_wconf 86' lang='lat' dir='ltr'><strong>ceterum,</strong></span> <span class='ocrx_word' id='word_1_62' title='bbox 1038 787 1100 847; x_wconf 85' lang='lat' dir='ltr'><strong>sive</strong></span> <span class='ocrx_word' id='word_1_63' title='bbox 1119 802 1152 853; x_wconf 77' lang='lat'><strong>12</strong></span> 
     </span>
     <span class='ocr_line' id='line_1_8' title="bbox 135 863 1099 944; baseline 0.001 -16"><span class='ocrx_word' id='word_1_64' title='bbox 135 867 213 928; x_wconf 84' lang='lat' dir='ltr'><strong>illud</strong></span> <span class='ocrx_word' id='word_1_65' title='bbox 234 867 427 928; x_wconf 69' lang='lat' dir='ltr'><strong>domnbcurn</strong></span> <span class='ocrx_word' id='word_1_66' title='bbox 448 863 676 944; x_wconf 82' lang='lat' dir='ltr'><strong>sivepublicuna</strong></span> <span class='ocrx_word' id='word_1_67' title='bbox 692 866 747 927; x_wconf 87' lang='lat' dir='ltr'><strong>iuit</strong></span> <span class='ocrx_word' id='word_1_68' title='bbox 760 867 919 938; x_wconf 84' lang='lat' dir='ltr'><strong>iudicium,</strong></span> <span class='ocrx_word' id='word_1_69' title='bbox 943 867 1099 929; x_wconf 86' lang='lat' dir='ltr'><strong>damnatur</strong></span> 
     </span>
     <span class='ocr_line' id='line_1_9' title="bbox 137 946 753 1017; baseline -0.003 -3"><span class='ocrx_word' id='word_1_70' title='bbox 137 952 245 1014; x_wconf 81' lang='lat' dir='ltr'><strong>Seru&#39;o</strong></span> <span class='ocrx_word' id='word_1_71' title='bbox 259 947 396 1012; x_wconf 81' lang='lat' dir='ltr'><strong>Cornelio</strong></span> <span class='ocrx_word' id='word_1_72' title='bbox 414 946 448 1017; x_wconf 87' lang='lat' dir='ltr'><strong>Q.</strong></span> <span class='ocrx_word' id='word_1_73' title='bbox 464 947 557 1010; x_wconf 79' lang='lat' dir='ltr'><strong>Fabio</strong></span> <span class='ocrx_word' id='word_1_74' title='bbox 572 949 753 1012; x_wconf 87' lang='lat' dir='ltr'><strong>consulibus.</strong></span> 
     </span>
    </p>

    <p class='ocr_par' dir='ltr' id='par_1_3' title="bbox 134 1032 1134 2614">
     <span class='ocr_line' id='line_1_10' title="bbox 203 1032 1133 1112; baseline 0.001 -17"><span class='ocrx_word' id='word_1_75' title='bbox 203 1033 288 1095; x_wconf 86' lang='lat' dir='ltr'><strong>XLII.</strong></span> <span class='ocrx_word' id='word_1_76' title='bbox 322 1032 407 1093; x_wconf 82' lang='lat' dir='ltr'><strong>Haud</strong></span> <span class='ocrx_word' id='word_1_77' title='bbox 423 1032 562 1100; x_wconf 85' lang='lat' dir='ltr'><strong>diuturna</strong></span> <span class='ocrx_word' id='word_1_78' title='bbox 577 1035 621 1094; x_wconf 87' lang='lat' dir='ltr'><strong>ira</strong></span> <span class='ocrx_word' id='word_1_79' title='bbox 639 1033 743 1112; x_wconf 87' lang='lat' dir='ltr'><strong>populi</strong></span> <span class='ocrx_word' id='word_1_80' title='bbox 756 1035 788 1095; x_wconf 89' lang='lat' dir='ltr'><strong>ln</strong></span> <span class='ocrx_word' id='word_1_81' title='bbox 803 1035 936 1096; x_wconf 80' lang='lat' dir='ltr'><strong>Cassium</strong></span> <span class='ocrx_word' id='word_1_82' title='bbox 950 1036 1013 1096; x_wconf 84' lang='lat' dir='ltr'><strong>luit.</strong></span> <span class='ocrx_word' id='word_1_83' title='bbox 1031 1035 1099 1096; x_wconf 83' lang='lat' dir='ltr'><strong>dul·</strong></span> <span class='ocrx_word' id='word_1_84' title='bbox 1119 1045 1133 1097; x_wconf 94' lang='lat'>1</span> 
     </span>
     <span class='ocr_line' id='line_1_11' title="bbox 135 1115 1100 1197; baseline -0.002 -17"><span class='ocrx_word' id='word_1_85' title='bbox 135 1118 214 1180; x_wconf 82' lang='lat' dir='ltr'><strong>cerlo</strong></span> <span class='ocrx_word' id='word_1_86' title='bbox 236 1116 370 1196; x_wconf 80' lang='lat' dir='ltr'><strong>agrariae</strong></span> <span class='ocrx_word' id='word_1_87' title='bbox 393 1115 467 1194; x_wconf 85' lang='lat' dir='ltr'><strong>legis</strong></span> <span class='ocrx_word' id='word_1_88' title='bbox 486 1117 551 1195; x_wconf 91' lang='lat' dir='ltr'><strong>ipsa</strong></span> <span class='ocrx_word' id='word_1_89' title='bbox 571 1133 626 1195; x_wconf 90' lang='lat' dir='ltr'><strong>per</strong></span> <span class='ocrx_word' id='word_1_90' title='bbox 641 1135 674 1179; x_wconf 88' lang='lat' dir='ltr'><strong>so</strong></span> <span class='ocrx_word' id='word_1_91' title='bbox 689 1117 809 1197; x_wconf 68' lang='lat' dir='ltr'><strong>dempm</strong></span> <span class='ocrx_word' id='word_1_92' title='bbox 834 1125 956 1180; x_wconf 90' lang='lat' dir='ltr'><strong>auctore</strong></span> <span class='ocrx_word' id='word_1_93' title='bbox 980 1118 1100 1180; x_wconf 82' lang='lat' dir='ltr'><strong>subibat</strong></span> 
     </span>
     <span class='ocr_line' id='line_1_12' title="bbox 137 1200 1097 1281; baseline -0.001 -18"><span class='ocrx_word' id='word_1_94' title='bbox 137 1204 271 1269; x_wconf 65' lang='lat' dir='ltr'><strong>animost</strong></span> <span class='ocrx_word' id='word_1_95' title='bbox 293 1217 477 1277; x_wconf 71' lang='lat' dir='ltr'><strong>aeneumque</strong></span> <span class='ocrx_word' id='word_1_96' title='bbox 497 1219 533 1262; x_wconf 88' lang='lat' dir='ltr'><strong>ea</strong></span> <span class='ocrx_word' id='word_1_97' title='bbox 551 1201 696 1278; x_wconf 82' lang='lat' dir='ltr'><strong>cupiditas</strong></span> <span class='ocrx_word' id='word_1_98' title='bbox 712 1208 758 1262; x_wconf 87' lang='lat' dir='ltr'><strong>est</strong></span> <span class='ocrx_word' id='word_1_99' title='bbox 771 1200 952 1280; x_wconf 74' lang='lat' dir='ltr'><strong>malignitate</strong></span> <span class='ocrx_word' id='word_1_100' title='bbox 969 1210 1097 1281; x_wconf 87' lang='lat' dir='ltr'><strong>patrum,</strong></span> 
     </span>
     <span class='ocr_line' id='line_1_13' title="bbox 134 1282 1098 1364; baseline -0.001 -17"><span class='ocrx_word' id='word_1_101' title='bbox 134 1287 193 1363; x_wconf 90' lang='lat' dir='ltr'><strong>qui</strong></span> <span class='ocrx_word' id='word_1_102' title='bbox 212 1285 332 1346; x_wconf 83' lang='lat' dir='ltr'><strong>devictis</strong></span> <span class='ocrx_word' id='word_1_103' title='bbox 352 1301 388 1345; x_wconf 90' lang='lat' dir='ltr'><strong>eo</strong></span> <span class='ocrx_word' id='word_1_104' title='bbox 409 1298 487 1344; x_wconf 81' lang='lat' dir='ltr'><strong>anuo</strong></span> <span class='ocrx_word' id='word_1_105' title='bbox 510 1282 623 1346; x_wconf 75' lang='lat' dir='ltr'><strong>Volscis</strong></span> <span class='ocrx_word' id='word_1_106' title='bbox 646 1284 815 1363; x_wconf 77' lang='lat' dir='ltr'><strong>Aequisque</strong></span> <span class='ocrx_word' id='word_1_107' title='bbox 836 1285 960 1347; x_wconf 89' lang='lat' dir='ltr'><strong>militem</strong></span> <span class='ocrx_word' id='word_1_108' title='bbox 988 1285 1098 1364; x_wconf 76' lang='lat' dir='ltr'><strong>praarb</strong></span> 
     </span>
     <span class='ocr_line' id='line_1_14' title="bbox 137 1367 1133 1447; baseline -0.002 -17"><span class='ocrx_word' id='word_1_109' title='bbox 137 1368 330 1430; x_wconf 85' lang='lat' dir='ltr'><strong>fraudavero:</strong></span> <span class='ocrx_word' id='word_1_110' title='bbox 357 1367 501 1444; x_wconf 84' lang='lat' dir='ltr'><strong>qrridquid</strong></span> <span class='ocrx_word' id='word_1_111' title='bbox 527 1375 646 1447; x_wconf 91' lang='lat' dir='ltr'><strong>captum</strong></span> <span class='ocrx_word' id='word_1_112' title='bbox 661 1387 709 1430; x_wconf 82' lang='lat' dir='ltr'><strong>ex</strong></span> <span class='ocrx_word' id='word_1_113' title='bbox 726 1367 862 1430; x_wconf 83' lang='lat' dir='ltr'><strong>hostibus</strong></span> <span class='ocrx_word' id='word_1_114' title='bbox 885 1377 943 1440; x_wconf 90' lang='lat' dir='ltr'><strong>est,</strong></span> <span class='ocrx_word' id='word_1_115' title='bbox 968 1369 1133 1432; x_wconf 76' lang='lat' dir='ltr'><strong>vendiditt</strong></span> 
     </span>
     <span class='ocr_line' id='line_1_15' title="bbox 138 1449 1098 1531; baseline 0 -17"><span class='ocrx_word' id='word_1_116' title='bbox 138 1451 249 1514; x_wconf 79' lang='lat' dir='ltr'><strong>Fabius</strong></span> <span class='ocrx_word' id='word_1_117' title='bbox 268 1449 372 1513; x_wconf 86' lang='lat' dir='ltr'><strong>consul</strong></span> <span class='ocrx_word' id='word_1_118' title='bbox 391 1467 425 1512; x_wconf 83' lang='lat' dir='ltr'><strong>ac</strong></span> <span class='ocrx_word' id='word_1_119' title='bbox 445 1451 605 1530; x_wconf 86' lang='lat' dir='ltr'><strong>redegltin</strong></span> <span class='ocrx_word' id='word_1_120' title='bbox 620 1451 783 1531; x_wconf 83' lang='lat' dir='ltr'><strong>publicum.</strong></span> <span class='ocrx_word' id='word_1_121' title='bbox 814 1453 945 1515; x_wconf 81' lang='lat' dir='ltr'><strong>invisum</strong></span> <span class='ocrx_word' id='word_1_122' title='bbox 961 1461 1025 1516; x_wconf 85' lang='lat' dir='ltr'><strong>erat</strong></span> <span class='ocrx_word' id='word_1_123' title='bbox 1043 1455 1098 1514; x_wconf 86' lang='lat' dir='ltr'><strong>Fa·</strong></span> 
     </span>
     <span class='ocr_line' id='line_1_16' title="bbox 137 1533 1098 1614; baseline 0.001 -18"><span class='ocrx_word' id='word_1_124' title='bbox 137 1535 222 1596; x_wconf 91' lang='lat' dir='ltr'><strong>bium</strong></span> <span class='ocrx_word' id='word_1_125' title='bbox 233 1533 439 1612; x_wconf 87' lang='lat' dir='ltr'><strong>nomen-plebi</strong></span> <span class='ocrx_word' id='word_1_126' title='bbox 449 1542 574 1614; x_wconf 79' lang='lat' dir='ltr'><strong>propter</strong></span> <span class='ocrx_word' id='word_1_127' title='bbox 584 1539 777 1598; x_wconf 87' lang='lat' dir='ltr'><strong>novissimum</strong></span> <span class='ocrx_word' id='word_1_128' title='bbox 789 1537 957 1606; x_wconf 76' lang='lat' dir='ltr'><strong>consulebat</strong></span> <span class='ocrx_word' id='word_1_129' title='bbox 973 1545 1098 1600; x_wconf 86' lang='lat' dir='ltr'><strong>tenuere</strong></span> 
     </span>
     <span class='ocr_line' id='line_1_17' title="bbox 138 1619 1098 1697; baseline 0.001 -16"><span class='ocrx_word' id='word_1_130' title='bbox 138 1628 239 1681; x_wconf 88' lang='lat' dir='ltr'><strong>tamen</strong></span> <span class='ocrx_word' id='word_1_131' title='bbox 262 1625 375 1697; x_wconf 86' lang='lat' dir='ltr'><strong>patres,</strong></span> <span class='ocrx_word' id='word_1_132' title='bbox 399 1625 439 1678; x_wconf 86' lang='lat' dir='ltr'><strong>ut·</strong></span> <span class='ocrx_word' id='word_1_133' title='bbox 452 1636 520 1680; x_wconf 77' lang='lat' dir='ltr'><strong>mura</strong></span> <span class='ocrx_word' id='word_1_134' title='bbox 544 1619 577 1680; x_wconf 90' lang='lat' dir='ltr'><strong>L.</strong></span> <span class='ocrx_word' id='word_1_135' title='bbox 598 1619 722 1681; x_wconf 78' lang='lat' dir='ltr'><strong>Aemilio</strong></span> <span class='ocrx_word' id='word_1_136' title='bbox 743 1621 834 1684; x_wconf 84' lang='lat' dir='ltr'><strong>Gaaso</strong></span> <span class='ocrx_word' id='word_1_137' title='bbox 861 1619 969 1683; x_wconf 85' lang='lat' dir='ltr'><strong>Fabius</strong></span> <span class='ocrx_word' id='word_1_138' title='bbox 993 1620 1098 1682; x_wconf 86' lang='lat' dir='ltr'><strong>consul</strong></span> 
     </span>
     <span class='ocr_line' id='line_1_18' title="bbox 135 1702 1134 1782; baseline 0 -18"><span class='ocrx_word' id='word_1_139' title='bbox 135 1709 302 1765; x_wconf 89' lang='lat' dir='ltr'><strong>crearetur.</strong></span> <span class='ocrx_word' id='word_1_140' title='bbox 333 1720 369 1764; x_wconf 90' lang='lat' dir='ltr'><strong>eo</strong></span> <span class='ocrx_word' id='word_1_141' title='bbox 384 1702 524 1764; x_wconf 80' lang='lat' dir='ltr'><strong>iniustior</strong></span> <span class='ocrx_word' id='word_1_142' title='bbox 547 1703 623 1764; x_wconf 88' lang='lat' dir='ltr'><strong>iacta</strong></span> <span class='ocrx_word' id='word_1_143' title='bbox 642 1703 747 1782; x_wconf 85' lang='lat' dir='ltr'><strong>plebes</strong></span> <span class='ocrx_word' id='word_1_144' title='bbox 771 1706 915 1768; x_wconf 82' lang='lat' dir='ltr'><strong>seditione</strong></span> <span class='ocrx_word' id='word_1_145' title='bbox 938 1705 1134 1772; x_wconf 79' lang='lat' dir='ltr'><strong>domesticae</strong></span> 
     </span>
     <span class='ocr_line' id='line_1_19' title="bbox 139 1785 1097 1850; baseline 0.001 -3"><span class='ocrx_word' id='word_1_146' title='bbox 139 1785 252 1848; x_wconf 90' lang='lat' dir='ltr'><strong>bellum</strong></span> <span class='ocrx_word' id='word_1_147' title='bbox 270 1793 425 1848; x_wconf 80' lang='lat' dir='ltr'><strong>extermina</strong></span> <span class='ocrx_word' id='word_1_148' title='bbox 447 1788 561 1848; x_wconf 82' lang='lat' dir='ltr'><strong>excivit</strong></span> <span class='ocrx_word' id='word_1_149' title='bbox 591 1787 670 1848; x_wconf 92' lang='lat' dir='ltr'><strong>bello</strong></span> <span class='ocrx_word' id='word_1_150' title='bbox 688 1788 795 1849; x_wconf 88' lang='lat' dir='ltr'><strong>deinde</strong></span> <span class='ocrx_word' id='word_1_151' title='bbox 818 1789 918 1850; x_wconf 85' lang='lat' dir='ltr'><strong>civiles</strong></span> <span class='ocrx_word' id='word_1_152' title='bbox 932 1789 1097 1850; x_wconf 72' lang='lat' dir='ltr'><strong>discordiae</strong></span> 
     </span>
     <span class='ocr_line' id='line_1_20' title="bbox 137 1870 1097 1950; baseline 0.001 -19"><span class='ocrx_word' id='word_1_153' title='bbox 137 1871 336 1932; x_wconf 74' lang='lat' dir='ltr'><strong>intermissae.</strong></span> <span class='ocrx_word' id='word_1_154' title='bbox 368 1887 428 1929; x_wconf 91' lang='lat' dir='ltr'><strong>uno</strong></span> <span class='ocrx_word' id='word_1_155' title='bbox 451 1871 549 1930; x_wconf 85' lang='lat' dir='ltr'><strong>animo</strong></span> <span class='ocrx_word' id='word_1_156' title='bbox 567 1879 667 1948; x_wconf 88' lang='lat' dir='ltr'><strong>patres</strong></span> <span class='ocrx_word' id='word_1_157' title='bbox 685 1889 720 1932; x_wconf 88' lang='lat' dir='ltr'><strong>ac</strong></span> <span class='ocrx_word' id='word_1_158' title='bbox 735 1870 821 1950; x_wconf 83' lang='lat' dir='ltr'><strong>plebs</strong></span> <span class='ocrx_word' id='word_1_159' title='bbox 837 1871 1016 1935; x_wconf 84' lang='lat' dir='ltr'><strong>rebellantes</strong></span> <span class='ocrx_word' id='word_1_160' title='bbox 1030 1872 1097 1932; x_wconf 86' lang='lat' dir='ltr'><strong>Vol·</strong></span> 
     </span>
     <span class='ocr_line' id='line_1_21' title="bbox 139 1949 1132 2034; baseline 0 -19"><span class='ocrx_word' id='word_1_161' title='bbox 139 1972 207 2016; x_wconf 84' lang='lat' dir='ltr'><strong>scos</strong></span> <span class='ocrx_word' id='word_1_162' title='bbox 220 1961 249 2015; x_wconf 91' lang='lat' dir='ltr'><strong>et</strong></span> <span class='ocrx_word' id='word_1_163' title='bbox 265 1954 384 2031; x_wconf 73' lang='lat' dir='ltr'><strong>Aequos</strong></span> <span class='ocrx_word' id='word_1_164' title='bbox 399 1949 475 2014; x_wconf 83' lang='lat' dir='ltr'><strong>duce</strong></span> <span class='ocrx_word' id='word_1_165' title='bbox 493 1953 617 2014; x_wconf 82' lang='lat' dir='ltr'><strong>Aemilio</strong></span> <span class='ocrx_word' id='word_1_166' title='bbox 632 1971 777 2032; x_wconf 88' lang='lat' dir='ltr'><strong>prospera</strong></span> <span class='ocrx_word' id='word_1_167' title='bbox 792 1969 891 2034; x_wconf 81' lang='lat' dir='ltr'><strong>pugna</strong></span> <span class='ocrx_word' id='word_1_168' title='bbox 903 1957 1011 2017; x_wconf 83' lang='lat' dir='ltr'><strong>vicere.</strong></span> <span class='ocrx_word' id='word_1_169' title='bbox 1030 1954 1098 2034; x_wconf 91' lang='lat' dir='ltr'><strong>plus</strong></span> <span class='ocrx_word' id='word_1_170' title='bbox 1115 1967 1132 2015; x_wconf 81' lang='grc'><strong>4</strong></span> 
     </span>
     <span class='ocr_line' id='line_1_22' title="bbox 138 2036 1097 2117; baseline 0 -19"><span class='ocrx_word' id='word_1_171' title='bbox 138 2045 238 2099; x_wconf 87' lang='lat' dir='ltr'><strong>tamen</strong></span> <span class='ocrx_word' id='word_1_172' title='bbox 253 2036 383 2098; x_wconf 88' lang='lat' dir='ltr'><strong>bostium</strong></span> <span class='ocrx_word' id='word_1_173' title='bbox 398 2037 466 2114; x_wconf 87' lang='lat' dir='ltr'><strong>iuga</strong></span> <span class='ocrx_word' id='word_1_174' title='bbox 483 2051 571 2114; x_wconf 75' lang='lat' dir='ltr'><strong>qiam</strong></span> <span class='ocrx_word' id='word_1_175' title='bbox 585 2037 734 2116; x_wconf 86' lang='lat' dir='ltr'><strong>proelium</strong></span> <span class='ocrx_word' id='word_1_176' title='bbox 746 2037 924 2117; x_wconf 85' lang='lat' dir='ltr'><strong>absumpsit:</strong></span> <span class='ocrx_word' id='word_1_177' title='bbox 941 2039 1016 2100; x_wconf 88' lang='lat' dir='ltr'><strong>adeo</strong></span> <span class='ocrx_word' id='word_1_178' title='bbox 1028 2055 1097 2117; x_wconf 88' lang='lat' dir='ltr'><strong>per·</strong></span> 
     </span>
     <span class='ocr_line' id='line_1_23' title="bbox 136 2121 1133 2198; baseline 0 -16"><span class='ocrx_word' id='word_1_179' title='bbox 136 2122 275 2183; x_wconf 73' lang='lat' dir='ltr'><strong>uiuaciter</strong></span> <span class='ocrx_word' id='word_1_180' title='bbox 295 2121 378 2182; x_wconf 85' lang='lat' dir='ltr'><strong>lusos</strong></span> <span class='ocrx_word' id='word_1_181' title='bbox 396 2121 524 2181; x_wconf 82' lang='lat' dir='ltr'><strong>irrsecuti</strong></span> <span class='ocrx_word' id='word_1_182' title='bbox 544 2128 614 2182; x_wconf 89' lang='lat' dir='ltr'><strong>sunt</strong></span> <span class='ocrx_word' id='word_1_183' title='bbox 634 2123 757 2198; x_wconf 86' lang='lat' dir='ltr'><strong>equites.</strong></span> <span class='ocrx_word' id='word_1_184' title='bbox 792 2121 921 2184; x_wconf 81' lang='lat' dir='ltr'><strong>Castoris</strong></span> <span class='ocrx_word' id='word_1_185' title='bbox 940 2123 1029 2184; x_wconf 87' lang='lat' dir='ltr'><strong>aedes</strong></span> <span class='ocrx_word' id='word_1_186' title='bbox 1047 2130 1133 2183; x_wconf 81' lang='lat' dir='ltr'><strong>eo-tt</strong></span> 
     </span>
     <span class='ocr_line' id='line_1_24' title="bbox 135 2201 1098 2274; baseline -0.001 -7"><span class='ocrx_word' id='word_1_187' title='bbox 135 2206 208 2268; x_wconf 82' lang='lat' dir='ltr'><strong>dem</strong></span> <span class='ocrx_word' id='word_1_188' title='bbox 228 2219 305 2266; x_wconf 83' lang='lat' dir='ltr'><strong>anne</strong></span> <span class='ocrx_word' id='word_1_189' title='bbox 322 2203 425 2264; x_wconf 83' lang='lat' dir='ltr'><strong>idibus</strong></span> <span class='ocrx_word' id='word_1_190' title='bbox 445 2201 625 2274; x_wconf 80' lang='lat' dir='ltr'><strong>Quintilibus</strong></span> <span class='ocrx_word' id='word_1_191' title='bbox 646 2203 781 2265; x_wconf 84' lang='lat' dir='ltr'><strong>dedicata</strong></span> <span class='ocrx_word' id='word_1_192' title='bbox 801 2213 854 2266; x_wconf 85' lang='lat' dir='ltr'><strong>est.</strong></span> <span class='ocrx_word' id='word_1_193' title='bbox 880 2213 946 2266; x_wconf 82' lang='lat' dir='ltr'><strong>vcta</strong></span> <span class='ocrx_word' id='word_1_194' title='bbox 962 2213 1026 2268; x_wconf 87' lang='lat' dir='ltr'><strong>erat</strong></span> <span class='ocrx_word' id='word_1_195' title='bbox 1043 2205 1098 2266; x_wconf 90' lang='lat' dir='ltr'><strong>La·</strong></span> 
     </span>
     <span class='ocr_line' id='line_1_25' title="bbox 136 2287 1098 2351; baseline -0.003 0"><span class='ocrx_word' id='word_1_196' title='bbox 136 2292 202 2351; x_wconf 88' lang='lat' dir='ltr'><strong>tino</strong></span> <span class='ocrx_word' id='word_1_197' title='bbox 219 2287 299 2350; x_wconf 92' lang='lat' dir='ltr'><strong>bello</strong></span> <span class='ocrx_word' id='word_1_198' title='bbox 319 2288 471 2349; x_wconf 84' lang='lat' dir='ltr'><strong>Postumio</strong></span> <span class='ocrx_word' id='word_1_199' title='bbox 494 2288 646 2349; x_wconf 89' lang='lat' dir='ltr'><strong>dictatore.</strong></span> <span class='ocrx_word' id='word_1_200' title='bbox 680 2287 758 2348; x_wconf 77' lang='lat' dir='ltr'><strong>filius</strong></span> <span class='ocrx_word' id='word_1_201' title='bbox 776 2289 846 2349; x_wconf 81' lang='lat' dir='ltr'><strong>eius</strong></span> <span class='ocrx_word' id='word_1_202' title='bbox 863 2290 1000 2350; x_wconf 73' lang='lat' dir='ltr'><strong>duumvir</strong></span> <span class='ocrx_word' id='word_1_203' title='bbox 1014 2289 1051 2350; x_wconf 83' lang='lat' dir='ltr'><strong>ad</strong></span> <span class='ocrx_word' id='word_1_204' title='bbox 1068 2288 1098 2348; x_wconf 90' lang='lat' dir='ltr'><strong>id</strong></span> 
     </span>
     <span class='ocr_line' id='line_1_26' title="bbox 137 2366 1133 2450; baseline -0.006 -16"><span class='ocrx_word' id='word_1_205' title='bbox 137 2367 237 2450; x_wconf 87' lang='lat' dir='ltr'><strong>ipsum</strong></span> <span class='ocrx_word' id='word_1_206' title='bbox 263 2378 379 2432; x_wconf 88' lang='lat' dir='ltr'><strong>creatus</strong></span> <span class='ocrx_word' id='word_1_207' title='bbox 405 2370 557 2432; x_wconf 83' lang='lat' dir='ltr'><strong>dedicauit.</strong></span> <span class='ocrx_word' id='word_1_208' title='bbox 581 2403 616 2416; x_wconf 91' lang='lat'>-</span> <span class='ocrx_word' id='word_1_209' title='bbox 647 2366 802 2432; x_wconf 83' lang='lat' dir='ltr'><strong>Sollicitati</strong></span> <span class='ocrx_word' id='word_1_210' title='bbox 824 2377 853 2431; x_wconf 80' lang='lat' dir='ltr'><strong>et</strong></span> <span class='ocrx_word' id='word_1_211' title='bbox 874 2389 909 2432; x_wconf 88' lang='lat' dir='ltr'><strong>eo</strong></span> <span class='ocrx_word' id='word_1_212' title='bbox 930 2389 1009 2432; x_wconf 91' lang='lat' dir='ltr'><strong>anno</strong></span> <span class='ocrx_word' id='word_1_213' title='bbox 1030 2375 1133 2432; x_wconf 72' lang='lat' dir='ltr'><strong>sunto</strong></span> 
     </span>
     <span class='ocr_line' id='line_1_27' title="bbox 134 2452 1098 2533; baseline -0.002 -18"><span class='ocrx_word' id='word_1_214' title='bbox 134 2453 297 2514; x_wconf 70' lang='lat' dir='ltr'><strong>dulcedine</strong></span> <span class='ocrx_word' id='word_1_215' title='bbox 312 2455 446 2530; x_wconf 78' lang='lat' dir='ltr'><strong>agrariae</strong></span> <span class='ocrx_word' id='word_1_216' title='bbox 461 2452 535 2530; x_wconf 81' lang='lat' dir='ltr'><strong>legis</strong></span> <span class='ocrx_word' id='word_1_217' title='bbox 549 2454 640 2513; x_wconf 87' lang='lat' dir='ltr'><strong>animi</strong></span> <span class='ocrx_word' id='word_1_218' title='bbox 651 2452 757 2531; x_wconf 92' lang='lat' dir='ltr'><strong>plebis.</strong></span> <span class='ocrx_word' id='word_1_219' title='bbox 784 2452 899 2513; x_wconf 85' lang='lat' dir='ltr'><strong>tribuni</strong></span> <span class='ocrx_word' id='word_1_220' title='bbox 909 2453 990 2532; x_wconf 87' lang='lat' dir='ltr'><strong>plebi</strong></span> <span class='ocrx_word' id='word_1_221' title='bbox 1001 2471 1098 2533; x_wconf 89' lang='lat' dir='ltr'><strong>popu-</strong></span> 
     </span>
     <span class='ocr_line' id='line_1_28' title="bbox 138 2533 1099 2614; baseline 0 -16"><span class='ocrx_word' id='word_1_222' title='bbox 138 2537 232 2598; x_wconf 89' lang='lat' dir='ltr'><strong>larem</strong></span> <span class='ocrx_word' id='word_1_223' title='bbox 251 2542 425 2614; x_wconf 86' lang='lat' dir='ltr'><strong>potestatem</strong></span> <span class='ocrx_word' id='word_1_224' title='bbox 446 2533 512 2614; x_wconf 91' lang='lat' dir='ltr'><strong>lege</strong></span> <span class='ocrx_word' id='word_1_225' title='bbox 527 2534 666 2614; x_wconf 93' lang='lat' dir='ltr'><strong>populari</strong></span> <span class='ocrx_word' id='word_1_226' title='bbox 681 2535 888 2604; x_wconf 79' lang='lat' dir='ltr'><strong>celebrabaut;</strong></span> <span class='ocrx_word' id='word_1_227' title='bbox 913 2544 1013 2614; x_wconf 84' lang='lat' dir='ltr'><strong>patres</strong></span> <span class='ocrx_word' id='word_1_228' title='bbox 1029 2540 1099 2598; x_wconf 88' lang='lat' dir='ltr'><strong>satis</strong></span> 
     </span>
    </p>
   </div>
   <div class='ocr_carea' id='block_1_3' title="bbox 27 2619 1098 2699">
    <p class='ocr_par' dir='ltr' id='par_1_4' title="bbox 27 2619 1098 2699">
     <span class='ocr_line' id='line_1_29' title="bbox 27 2619 1098 2699; baseline 0.001 -18"><span class='ocrx_word' id='word_1_229' title='bbox 27 2695 28 2698; x_wconf 8' lang='grc' dir='ltr'><strong>Ἴ</strong></span> <span class='ocrx_word' id='word_1_230' title='bbox 138 2637 288 2699; x_wconf 87' lang='lat' dir='ltr'><strong>superque</strong></span> <span class='ocrx_word' id='word_1_231' title='bbox 312 2620 432 2698; x_wconf 85' lang='lat' dir='ltr'><strong>gratuiti</strong></span> <span class='ocrx_word' id='word_1_232' title='bbox 456 2619 567 2680; x_wconf 85' lang='lat' dir='ltr'><strong>irnoris</strong></span> <span class='ocrx_word' id='word_1_233' title='bbox 591 2620 623 2680; x_wconf 93' lang='lat' dir='ltr'><strong>in</strong></span> <span class='ocrx_word' id='word_1_234' title='bbox 643 2619 830 2681; x_wconf 88' lang='lat' dir='ltr'><strong>multitudine</strong></span> <span class='ocrx_word' id='word_1_235' title='bbox 852 2620 1008 2682; x_wconf 84' lang='lat' dir='ltr'><strong>credentes</strong></span> <span class='ocrx_word' id='word_1_236' title='bbox 1024 2639 1098 2690; x_wconf 89' lang='lat' dir='ltr'><strong>esse,</strong></span> 
     </span>
    </p>
   </div>
   <div class='ocr_carea' id='block_1_4' title="bbox 137 2701 1137 3544">
    <p class='ocr_par' dir='ltr' id='par_1_5' title="bbox 137 2701 1137 3544">
     <span class='ocr_line' id='line_1_30' title="bbox 137 2701 1098 2781; baseline -0.001 -17"><span class='ocrx_word' id='word_1_237' title='bbox 137 2703 310 2781; x_wconf 84' lang='lat' dir='ltr'><strong>largitiones</strong></span> <span class='ocrx_word' id='word_1_238' title='bbox 320 2703 551 2781; x_wconf 87' lang='lat' dir='ltr'><strong>temeritatisque</strong></span> <span class='ocrx_word' id='word_1_239' title='bbox 565 2703 753 2766; x_wconf 87' lang='lat' dir='ltr'><strong>invitamenta</strong></span> <span class='ocrx_word' id='word_1_240' title='bbox 764 2701 936 2765; x_wconf 89' lang='lat' dir='ltr'><strong>horrebant.</strong></span> <span class='ocrx_word' id='word_1_241' title='bbox 959 2705 1098 2766; x_wconf 85' lang='lat' dir='ltr'><strong>acerrimi</strong></span> 
     </span>
     <span class='ocr_line' id='line_1_31' title="bbox 138 2785 1133 2868; baseline -0.002 -20"><span class='ocrx_word' id='word_1_242' title='bbox 138 2785 273 2867; x_wconf 89' lang='lat' dir='ltr'><strong>patribus</strong></span> <span class='ocrx_word' id='word_1_243' title='bbox 294 2786 385 2848; x_wconf 88' lang='lat' dir='ltr'><strong>ducos</strong></span> <span class='ocrx_word' id='word_1_244' title='bbox 407 2786 444 2846; x_wconf 85' lang='lat' dir='ltr'><strong>ad</strong></span> <span class='ocrx_word' id='word_1_245' title='bbox 462 2786 661 2868; x_wconf 84' lang='lat' dir='ltr'><strong>resistendum</strong></span> <span class='ocrx_word' id='word_1_246' title='bbox 681 2786 819 2849; x_wconf 88' lang='lat' dir='ltr'><strong>eonsules</strong></span> <span class='ocrx_word' id='word_1_247' title='bbox 831 2788 926 2849; x_wconf 85' lang='lat' dir='ltr'><strong>luere.</strong></span> <span class='ocrx_word' id='word_1_248' title='bbox 959 2807 993 2849; x_wconf 88' lang='lat' dir='ltr'><strong>ea</strong></span> <span class='ocrx_word' id='word_1_249' title='bbox 1008 2789 1133 2866; x_wconf 66' lang='lat' dir='ltr'><strong>igitur?</strong></span> 
     </span>
     <span class='ocr_line' id='line_1_32' title="bbox 138 2868 1098 2950; baseline 0.002 -20"><span class='ocrx_word' id='word_1_250' title='bbox 138 2887 211 2950; x_wconf 86' lang='lat' dir='ltr'><strong>pars</strong></span> <span class='ocrx_word' id='word_1_251' title='bbox 225 2872 271 2934; x_wconf 89' lang='lat' dir='ltr'><strong>rei</strong></span> <span class='ocrx_word' id='word_1_252' title='bbox 284 2868 422 2950; x_wconf 90' lang='lat' dir='ltr'><strong>publicae</strong></span> <span class='ocrx_word' id='word_1_253' title='bbox 437 2871 521 2941; x_wconf 83' lang='lat' dir='ltr'><strong>vicit,</strong></span> <span class='ocrx_word' id='word_1_254' title='bbox 541 2888 598 2932; x_wconf 89' lang='lat' dir='ltr'><strong>nec</strong></span> <span class='ocrx_word' id='word_1_255' title='bbox 610 2872 641 2930; x_wconf 93' lang='lat' dir='ltr'><strong>ln</strong></span> <span class='ocrx_word' id='word_1_256' title='bbox 657 2889 800 2950; x_wconf 88' lang='lat' dir='ltr'><strong>praesens</strong></span> <span class='ocrx_word' id='word_1_257' title='bbox 814 2872 919 2942; x_wconf 88' lang='lat' dir='ltr'><strong>modo,</strong></span> <span class='ocrx_word' id='word_1_258' title='bbox 935 2872 1034 2934; x_wconf 86' lang='lat' dir='ltr'><strong>sedin</strong></span> <span class='ocrx_word' id='word_1_259' title='bbox 1049 2891 1098 2932; x_wconf 89' lang='lat' dir='ltr'><strong>ve·</strong></span> 
     </span>
     <span class='ocr_line' id='line_1_33' title="bbox 138 2953 1099 3026; baseline 0.001 -12"><span class='ocrx_word' id='word_1_260' title='bbox 138 2954 270 3015; x_wconf 85' lang='lat' dir='ltr'><strong>trientem</strong></span> <span class='ocrx_word' id='word_1_261' title='bbox 291 2955 379 3014; x_wconf 89' lang='lat' dir='ltr'><strong>etiam</strong></span> <span class='ocrx_word' id='word_1_262' title='bbox 398 2971 511 3014; x_wconf 81' lang='lat' dir='ltr'><strong>annum</strong></span> <span class='ocrx_word' id='word_1_263' title='bbox 531 2954 568 3016; x_wconf 87' lang='lat' dir='ltr'><strong>ii.</strong></span> <span class='ocrx_word' id='word_1_264' title='bbox 585 2953 724 3026; x_wconf 84' lang='lat' dir='ltr'><strong>Fabium,</strong></span> <span class='ocrx_word' id='word_1_265' title='bbox 748 2955 888 3018; x_wconf 86' lang='lat' dir='ltr'><strong>Caesonis</strong></span> <span class='ocrx_word' id='word_1_266' title='bbox 909 2956 1048 3026; x_wconf 79' lang='lat' dir='ltr'><strong>fratrem,</strong></span> <span class='ocrx_word' id='word_1_267' title='bbox 1071 2963 1099 3016; x_wconf 92' lang='lat' dir='ltr'><strong>et</strong></span> 
     </span>
     <span class='ocr_line' id='line_1_34' title="bbox 139 3035 1097 3118; baseline 0.002 -22"><span class='ocrx_word' id='word_1_268' title='bbox 139 3039 232 3116; x_wconf 84' lang='lat' dir='ltr'><strong>magis</strong></span> <span class='ocrx_word' id='word_1_269' title='bbox 247 3039 375 3098; x_wconf 74' lang='lat' dir='ltr'><strong>intissam</strong></span> <span class='ocrx_word' id='word_1_270' title='bbox 391 3035 516 3098; x_wconf 87' lang='lat' dir='ltr'><strong>alterurn</strong></span> <span class='ocrx_word' id='word_1_271' title='bbox 530 3037 611 3117; x_wconf 90' lang='lat' dir='ltr'><strong>plebi</strong></span> <span class='ocrx_word' id='word_1_272' title='bbox 625 3041 813 3100; x_wconf 83' lang='lat' dir='ltr'><strong>accusatione</strong></span> <span class='ocrx_word' id='word_1_273' title='bbox 826 3041 878 3118; x_wconf 85' lang='lat' dir='ltr'><strong>Sp.</strong></span> <span class='ocrx_word' id='word_1_274' title='bbox 891 3040 985 3101; x_wconf 82' lang='lat' dir='ltr'><strong>Cassii</strong></span> <span class='ocrx_word' id='word_1_275' title='bbox 996 3040 1028 3100; x_wconf 82' lang='lat' dir='ltr'><strong>i.</strong></span> <span class='ocrx_word' id='word_1_276' title='bbox 1042 3040 1097 3098; x_wconf 88' lang='lat' dir='ltr'><strong>Va-</strong></span> 
     </span>
     <span class='ocr_line' id='line_1_35' title="bbox 138 3119 1137 3200; baseline 0.002 -20"><span class='ocrx_word' id='word_1_277' title='bbox 138 3120 246 3182; x_wconf 84' lang='lat' dir='ltr'><strong>lerium</strong></span> <span class='ocrx_word' id='word_1_278' title='bbox 262 3119 399 3182; x_wconf 78' lang='lat' dir='ltr'><strong>coussses</strong></span> <span class='ocrx_word' id='word_1_279' title='bbox 416 3121 505 3182; x_wconf 84' lang='lat' dir='ltr'><strong>dedit.</strong></span> <span class='ocrx_word' id='word_1_280' title='bbox 530 3123 679 3184; x_wconf 86' lang='lat' dir='ltr'><strong>Certatum</strong></span> <span class='ocrx_word' id='word_1_281' title='bbox 694 3140 729 3184; x_wconf 90' lang='lat' dir='ltr'><strong>eo</strong></span> <span class='ocrx_word' id='word_1_282' title='bbox 742 3139 861 3200; x_wconf 82' lang='lat' dir='ltr'><strong>quoquc</strong></span> <span class='ocrx_word' id='word_1_283' title='bbox 873 3137 951 3182; x_wconf 87' lang='lat' dir='ltr'><strong>anno</strong></span> <span class='ocrx_word' id='word_1_284' title='bbox 964 3141 1032 3183; x_wconf 90' lang='lat' dir='ltr'><strong>cunr</strong></span> <span class='ocrx_word' id='word_1_285' title='bbox 1044 3123 1082 3182; x_wconf 89' lang='lat' dir='ltr'><strong>tri</strong></span> <span class='ocrx_word' id='word_1_286' title='bbox 1116 3134 1137 3182; x_wconf 84' lang='lat' dir='ltr'><strong>s</strong></span> 
     </span>
     <span class='ocr_line' id='line_1_36' title="bbox 138 3204 1097 3283; baseline 0.002 -19"><span class='ocrx_word' id='word_1_287' title='bbox 138 3204 228 3265; x_wconf 87' lang='lat' dir='ltr'><strong>bunis</strong></span> <span class='ocrx_word' id='word_1_288' title='bbox 249 3211 302 3266; x_wconf 81' lang='lat' dir='ltr'><strong>est</strong></span> <span class='ocrx_word' id='word_1_289' title='bbox 332 3221 408 3264; x_wconf 88' lang='lat' dir='ltr'><strong>vana</strong></span> <span class='ocrx_word' id='word_1_290' title='bbox 428 3204 617 3283; x_wconf 70' lang='lat' dir='ltr'><strong>latronique</strong></span> <span class='ocrx_word' id='word_1_291' title='bbox 632 3205 706 3282; x_wconf 81' lang='lat' dir='ltr'><strong>legis</strong></span> <span class='ocrx_word' id='word_1_292' title='bbox 720 3213 857 3267; x_wconf 87' lang='lat' dir='ltr'><strong>auctores</strong></span> <span class='ocrx_word' id='word_1_293' title='bbox 871 3205 1009 3266; x_wconf 83' lang='lat' dir='ltr'><strong>iactando</strong></span> <span class='ocrx_word' id='word_1_294' title='bbox 1024 3205 1097 3266; x_wconf 86' lang='lat' dir='ltr'><strong>inri-</strong></span> 
     </span>
     <span class='ocr_line' id='line_1_37' title="bbox 137 3288 1097 3368; baseline 0.004 -21"><span class='ocrx_word' id='word_1_295' title='bbox 137 3295 201 3348; x_wconf 90' lang='lat' dir='ltr'><strong>tum</strong></span> <span class='ocrx_word' id='word_1_296' title='bbox 223 3305 331 3350; x_wconf 90' lang='lat' dir='ltr'><strong>munus</strong></span> <span class='ocrx_word' id='word_1_297' title='bbox 355 3288 433 3350; x_wconf 85' lang='lat' dir='ltr'><strong>iacti.</strong></span> <span class='ocrx_word' id='word_1_298' title='bbox 465 3289 591 3350; x_wconf 82' lang='lat' dir='ltr'><strong>Fabium</strong></span> <span class='ocrx_word' id='word_1_299' title='bbox 613 3290 682 3350; x_wconf 85' lang='lat' dir='ltr'><strong>inde</strong></span> <span class='ocrx_word' id='word_1_300' title='bbox 704 3307 815 3351; x_wconf 88' lang='lat' dir='ltr'><strong>nomen</strong></span> <span class='ocrx_word' id='word_1_301' title='bbox 835 3291 940 3366; x_wconf 88' lang='lat' dir='ltr'><strong>ingens</strong></span> <span class='ocrx_word' id='word_1_302' title='bbox 954 3297 1022 3368; x_wconf 85' lang='lat' dir='ltr'><strong>post</strong></span> <span class='ocrx_word' id='word_1_303' title='bbox 1035 3298 1097 3351; x_wconf 88' lang='lat' dir='ltr'><strong>tres</strong></span> 
     </span>
     <span class='ocr_line' id='line_1_38' title="bbox 138 3371 1097 3452; baseline 0.003 -22"><span class='ocrx_word' id='word_1_304' title='bbox 138 3373 295 3434; x_wconf 89' lang='lat' dir='ltr'><strong>continuos</strong></span> <span class='ocrx_word' id='word_1_305' title='bbox 317 3372 487 3434; x_wconf 86' lang='lat' dir='ltr'><strong>consulatus</strong></span> <span class='ocrx_word' id='word_1_306' title='bbox 508 3389 629 3452; x_wconf 90' lang='lat' dir='ltr'><strong>unoque</strong></span> <span class='ocrx_word' id='word_1_307' title='bbox 647 3371 726 3433; x_wconf 86' lang='lat' dir='ltr'><strong>velut</strong></span> <span class='ocrx_word' id='word_1_308' title='bbox 746 3380 851 3435; x_wconf 87' lang='lat' dir='ltr'><strong>tenore</strong></span> <span class='ocrx_word' id='word_1_309' title='bbox 867 3391 970 3435; x_wconf 86' lang='lat' dir='ltr'><strong>omnes</strong></span> <span class='ocrx_word' id='word_1_310' title='bbox 991 3391 1097 3452; x_wconf 84' lang='lat' dir='ltr'><strong>exper-</strong></span> 
     </span>
     <span class='ocr_line' id='line_1_39' title="bbox 138 3455 1099 3544; baseline 0.002 -30"><span class='ocrx_word' id='word_1_311' title='bbox 138 3465 185 3516; x_wconf 89' lang='lat' dir='ltr'><strong>tes</strong></span> <span class='ocrx_word' id='word_1_312' title='bbox 201 3455 368 3519; x_wconf 80' lang='lat' dir='ltr'><strong>tribuniciis</strong></span> <span class='ocrx_word' id='word_1_313' title='bbox 388 3455 599 3520; x_wconf 85' lang='lat' dir='ltr'><strong>certaminibus</strong></span> <span class='ocrx_word' id='word_1_314' title='bbox 619 3457 760 3518; x_wconf 87' lang='lat' dir='ltr'><strong>habitum.</strong></span> <span class='ocrx_word' id='word_1_315' title='bbox 785 3458 891 3544; x_wconf 81' lang='lat' dir='ltr'><strong>itaquo</strong></span> <span class='ocrx_word' id='word_1_316' title='bbox 910 3464 943 3518; x_wconf 92' lang='lat' dir='ltr'><strong>ut</strong></span> <span class='ocrx_word' id='word_1_317' title='bbox 959 3456 1037 3519; x_wconf 90' lang='lat' dir='ltr'><strong>bene</strong></span> <span class='ocrx_word' id='word_1_318' title='bbox 1052 3456 1099 3518; x_wconf 91' lang='lat' dir='ltr'><strong>lo·</strong></span> 
     </span>
    </p>
   </div>
   <div class='ocr_carea' id='block_1_5' title="bbox 0 0 1290 3956">
    <p class='ocr_par' dir='ltr' id='par_1_6' title="bbox 0 0 1290 3956">
     <span class='ocr_line' id='line_1_40' title="bbox 0 0 1290 3956; baseline 0 0"><span class='ocrx_word' id='word_1_319' title='bbox 0 0 1290 3956; x_wconf 95' lang='lat' dir='ltr'><strong> </strong></span> 
     </span>
    </p>
   </div>
  </div>
 </body>
</html>
