2522 3954
147 254 172 280 ,ι
187 207 221 256 v1
363 209 410 256 DE
433 209 505 257 TlTl
528 209 616 257 LIVII
637 208 721 256 VITA
742 209 787 256 ΕΤ
805 207 968 256 sclalrrls.

183 375 229 424 tur
243 361 369 443 Apona³)
392 367 467 425 Livio
487 385 536 425 suo
560 365 659 425 tellus“
681 367 786 440 inquit,
812 375 840 424 et
859 365 963 423 Sidonii
979 366 1143 442 Apollinaris

182 459 264 525 atque
272 450 430 526 Symmachi,
447 467 563 525 quorum
576 449 624 508 ille
633 449 753 514 Garmll,
770 457 820 512 189
837 447 990 515 „volumina
1000 451 1143 508 Patavinau

183 533 249 590 livii
263 533 358 600 libros,
376 535 421 592 hic
431 533 545 610 Epistol.
562 535 603 599 lv,
620 541 654 595 18
670 533 759 609 ipsum
775 533 950 598 „Patavinum
964 535 1143 610 scriptorem“

182 618 344 682 nominavit,
365 619 450 693 magis
464 619 545 676 etiam
565 616 735 692 Hieronymi,
752 635 767 674 a
783 634 837 692 quo
853 616 1033 681 „Patavinus“
1051 618 1143 694 appel-

181 701 268 766 latur,
293 719 347 777 quo
369 703 545 768 factumest,
574 710 605 760 ut
627 702 698 760 haud
719 702 799 776 pauci
819 701 872 758 hoc
893 701 983 774 ipsum
1009 709 1142 776 tamquam

182 781 366 860 cognomen4)
386 786 461 843 Livio
481 786 618 844 adderent.
653 783 770 843 Patriam
789 784 876 859 igitur
897 783 992 842 hahuit
1009 785 1143 842 civitatem

181 877 209 924 et
228 869 457 945 antiquissimam,
473 871 550 928 cuius
571 869 690 944 origines
703 869 807 944 pariter
821 875 904 942 atque
919 867 1054 926 Romanae
1068 869 1143 926 urhis

181 953 214 1010 ad
232 953 364 1012 Troianos
385 953 586 1018 referebantur,
608 953 643 1012 oi.
664 952 719 1010 Lis.
736 951 809 1017 1,1;
829 951 923 1026 Pomp.
939 951 998 1008 llel.
1015 951 1050 1016 ll,
1067 957 1098 1020 4,
1114 959 1143 1017 l;

181 1036 282 1110 Vergil.
300 1039 366 1094 Aen.
383 1038 402 1102 Ι,
418 1043 485 1101 442,
502 1047 530 1095 et
545 1037 735 1099 fortissimam,
753 1053 821 1110 quae
837 1053 852 1091 a
867 1034 1006 1092 Gallorum
1020 1036 1142 1110 imperio,

180 1137 241 1176 cum
262 1121 335 1176 omni
350 1121 427 1179 ltalia
444 1120 585 1196 superiore
599 1120 770 1196 potirentur,
791 1117 906 1176 liberan‘r
921 1127 948 1175 et
964 1118 1098 1194 integram
1114 1136 1143 1176 se

180 1201 1143 1279 mmmumlffiwdddmmmmfflmffli

179 1287 383 1346 Lacedaemonii
403 1290 534 1364 impetum
549 1286 696 1364 repulerat,
717 1305 740 1343 v.
755 1286 810 1343 liv.
826 1287 856 1350 X,
873 1293 907 1349 2;
931 1294 987 1342 tum
1004 1285 1144 1361 paulisper

180 1370 335 1428 domesticis
359 1371 522 1430 factionibus
544 1367 935 1432 turhata,v.Liv.XL1,27,
957 1385 989 1424 eo
1011 1376 1142 1442 tempore,

181 1471 235 1528 quo
250 1455 339 1511 livius
359 1454 467 1517 floruit,
484 1470 545 1512 curn
561 1453 616 1510 situ
636 1449 793 1527 opportuno
808 1459 866 1508 turn
882 1458 1034 1509 mercatura
1050 1451 1143 1527 eopio-

180 1537 286 1594 sissima
302 1546 383 1612 atque
398 1537 561 1595 fabricarum
575 1535 705 1592 varietate
719 1535 798 1592 itaet
812 1534 913 1592 civilius
929 1542 956 1592 et
972 1533 1069 1610 opibus
1085 1552 1135 1592 oro

179 1627 262 1684 verat,
275 1629 306 1677 ut
320 1621 392 1678 inter
402 1621 530 1678 maximas
544 1628 571 1676 et
584 1617 805 1694 opulentissimas
820 1618 927 1692 imperii
938 1616 1049 1676 Romani
1060 1619 1142 1676 urbes

179 1713 381 1767 numeraretur,
404 1705 438 1762 cf.
455 1702 552 1761 Strabo
568 1703 602 1766 V.
618 1713 648 1766 1.
663 1708 679 1762 7
699 1721 726 1779 p.
743 1709 809 1768 213;
830 1702 876 1766 Ill,
893 1709 916 1765 5,
936 1709 994 1777 31)-
1011 1709 1070 1764 169.
1102 1703 1141 1757 Ad

180 1787 327 1860 quodcum
347 1782 493 1852 accederet,
508 1794 539 1843 ut
555 1796 583 1844 et
599 1793 714 1862 propter
730 1784 829 1843 calidas
843 1802 927 1860 aquas
941 1784 1141 1848 saluberrimos,

179 1869 1143 1945 ufflmRRflAoeAQMmfflAEQnssssssmmmm

180 1953 302 2010 inclitum
317 1954 464 2017 oraculum,
480 1971 504 2009 v.
524 1953 634 2010 Sueton.
650 1953 709 2008 Tib.
724 1959 766 2015 14,
781 1950 973 2016 celebraretur,
990 1960 1079 2009 tamen
1096 1969 1142 2008 an·

181 2036 282 2110 tiquam
299 2053 405 2093 morum
422 2036 592 2092 severitatem
606 2042 688 2107 atque
698 2035 850 2091 castitatem
864 2035 1005 2098 retinebat,
1023 2036 1058 2093 cl.
1072 2034 1141 2091 Plin.

178 2115 1139 2194 hlmfflfflmfflffiHffissfflwmwmluffi

180 2210 339 2276 tantumque
353 2202 488 2259 libertatis
503 2217 631 2264 amorem,
643 2208 675 2256 ut
688 2217 737 2274 per
752 2199 824 2272 bella
837 2199 924 2257 civilia
937 2199 1065 2263 Patavini,
1084 2208 1140 2257 tum

179 2287 231 2342 iam
249 2287 296 2343 diu
317 2287 346 2342 in
368 2285 502 2342 civitatem
523 2285 669 2342 Romanam
688 2283 805 2358 recepti,
826 2282 956 2340 aliberao
976 2281 1142 2358 reipublicae

179 2369 303 2443 partibus
335 2376 440 2426 tantum
466 2385 521 2425 non
546 2383 639 2424 omnes
668 2373 773 2424 starent
800 2367 835 2424 ol.
856 2365 927 2423 Plut.
948 2365 1022 2422 Caes.
1042 2372 1092 2431 47,
1106 2355 1142 2424 'et

177 2452 289 2528 Pompei
311 2469 419 2511 causam
435 2468 539 2509 summo
555 2450 647 2508 studio
662 2451 847 2514 defenderent,
862 2468 887 2505 v.
905 2449 988 2508 tlioer.
1001 2448 1070 2507 Phil.
1087 2449 1141 2514 llll,

178 2543 203 2601 4,
223 2545 272 2603 10;
295 2536 411 2596 Macroh.
428 2536 447 2592 l.
467 2534 485 2590 1.
505 2535 568 2592 lnde
595 2533 674 2594 facile
694 2533 869 2608 intelligitur,
888 2533 1024 2608 quomodo
1040 2534 1138 2592 iactum

179 2620 223 2684 sit,
239 2629 270 2677 ut
285 2621 375 2678 Livius
396 2619 509 2684 avitiis,
526 2636 595 2693 quac
610 2626 721 2695 postes,
740 2635 801 2676 curn
816 2619 916 2676 Romae
931 2624 1094 2682 versaretur,
1112 2618 1140 2676 in

178 2701 359 2778 plurimorum
372 2703 476 2760 animos
491 2702 620 2759 invasisse
634 2700 755 2764 videbat,
773 2703 832 2777 ipse
847 2719 863 2759 a
880 2701 973 2779 pueris
989 2700 1068 2757 honis
1083 2717 1140 2758 mo·

179 2787 254 2844 ribus
272 2787 392 2853 inbutus,
404 2786 500 2863 procul
514 2786 682 2851 ahhorreret,
698 2792 726 2842 et
740 2794 828 2842 utens
840 2785 868 2842 in
882 2803 913 2843 re
926 2783 1034 2861 publica
1049 2791 1142 2859 partes

178 2879 346 2943 sequeretur,
362 2870 487 2944 aquibus
502 2871 573 2927 cives
588 2886 655 2926 suos
670 2869 780 2927 stetisse
794 2869 853 2943 ipse
866 2867 1021 2926 adolescens
1038 2885 1140 2942 coguo-

178 2997 378 3010 ——n—-——

246 3066 271 3130 3)
290 3070 395 3133 Aponsm
407 3069 512 3119 tellurem
523 3082 566 3132 pro
579 3067 689 3116 Patavina
702 3081 715 3116 s
733 3068 796 3116 lonte
808 3065 882 3130 Aponi
895 3051 1033 3128 (ἄπονος),
1044 3065 1142 3115 Pataris

178 3135 230 3186 urbi
241 3137 386 3202 propinquo,
405 3136 493 3186 dionem
511 3149 562 3184 esse
574 3134 645 3183 laoilo
657 3139 760 3198 apparet.
785 3133 905 3190 Similiter,
923 3131 966 3182 sed
978 3133 1055 3182 minus
1067 3146 1139 3180 sccu-

177 3209 235 3260 rate,
248 3203 335 3253 Statius
347 3203 399 3253 silv.
413 3203 450 3261 lv,
462 3200 486 3260 7,
498 3199 531 3251 55
543 3200 633 3251 'limari
646 3201 765 3251 slnmunm
777 3199 902 3267 appellarit
913 3199 1012 3254 livium,
1024 3199 1056 3246 ol.
1070 3197 1129 3256 lerg

178 3272 233 3319 len.
245 3270 264 3326 l,
277 3268 335 3320 242.
358 3270 462 3320 lntlrmis
475 3267 616 3330 argumentis
629 3267 708 3318 ethos
721 3267 845 3331 etreliqua
856 3265 990 3315 testimonia
1001 3265 1138 3327 impugnare

179 3343 275 3452 ppppstm
292 3343 327 3386 est
347 3337 374 3388 G.
387 3336 414 3386 Δ.
427 3335 524 3385 Schmid
542 3335 566 3384 iu
590 3333 676 3398 disput
695 3333 806 3384 circulari
825 3334 854 3383 de
870 3333 922 3381 'lito
940 3331 1011 3399 livio
1037 3329 1130 3379 dltdorl

228 3403 371 3468 7p7mp

243 3469 269 3533 4)
283 3471 308 3521 v.
320 3469 490 3531 Welnglrtner.
504 3468 519 3518 l.
533 3468 548 3518 Ι.
561 3482 585 3532 p.
596 3464 612 3516 Β
624 3481 675 3532 sqq.
