2580 3954
226 219 288 279 174
400 231 496 275 ursan
513 233 561 274 111.
590 232 659 274 car.
676 225 720 278 51.
735 223 777 277 52
806 211 845 296 [a.
860 235 889 273 u.
907 235 931 274 c.
947 216 1010 296 304]

188 392 205 444 o
223 377 316 439 nihilo
331 373 430 441 minor
443 383 480 441 ex
495 380 609 458 privato
624 382 786 459 capietur.⁴‘
813 382 852 441 ita
868 381 971 444 decem
988 400 1113 445 numero
1130 386 1184 446 tri-

222 461 320 524 bunos
335 463 477 524 militares
495 470 606 526 creant.

188 563 204 611 7
286 545 390 624 Neque
406 547 437 608 in
451 547 568 609 Sabinis
578 549 687 625 quievit
701 550 854 610 exercitus.
877 548 920 609 ibi
932 565 1050 628 quoquo
1061 561 1184 614 auctore

221 631 304 692 lcilio
321 629 546 709 Numitorioque
568 633 696 693 secessio
719 631 755 692 ab
778 633 953 694 decemviris
971 633 1046 695 iacta
1062 643 1183 697 estnon

222 717 338 775 minore
360 722 442 775 motu
462 717 629 776 animorum
645 715 723 776 Sicci
744 716 844 778 caedis
866 718 1009 778 memoria
1032 727 1182 790 renovata,
1277 729 1278 748 ¹

223 815 310 876 quam
327 814 415 876 quern
430 815 505 859 nova
521 798 598 859 lama
613 799 650 860 de
664 801 778 877 virgine
794 799 869 862 adeo
882 800 970 863 foede
980 801 1016 862 ad
1027 801 1182 864 libidinem

187 885 204 937 8
220 883 312 961 petita
331 881 517 943 accenderat.
547 881 645 943 Icilius
664 881 717 942 uhi
731 884 840 946 audivit
858 883 995 946 tribunos
1009 884 1134 947 rnilitum
1150 888 1182 946 in
1277 939 1278 956 ,

221 966 364 1026 Aventino
376 972 500 1037 creatos,
515 981 554 1027 nc
565 968 752 1028 comitiorum
764 966 935 1038 militarium
948 972 1181 1047 praerogativam

111 1064 174 1139 *aa
221 1047 336 1109 urbana
347 1050 466 1110 comitia
477 1050 570 1111 isdem
582 1049 710 1112 tribunis
719 1049 816 1129 plebis
827 1051 964 1113 creandis
975 1061 1180 1129 sequerentur,

175 1132 204 1186 “a
221 1133 334 1210 peritus
354 1149 456 1193 rerum
477 1132 666 1212 popularium
694 1135 901 1214 inminensque
923 1137 951 1196 ci
973 1137 1126 1214 potestati,
1153 1147 1183 1198 et

218 1219 299 1294 ipse,
321 1217 494 1295 priusquam
511 1221 605 1279 iretur
620 1217 657 1278 ad
672 1217 792 1304 urbem,
815 1221 881 1296 pari
894 1226 1039 1297 potestate
1054 1220 1181 1282 eundem

174 1304 205 1356 10
222 1317 380 1362 numerum
401 1299 437 1360 ab
460 1303 521 1362 suis
543 1301 704 1362 creandum
725 1309 818 1362 curat.
847 1310 933 1382 porta
947 1301 1059 1364 Collina
1074 1303 1181 1364 urbem

221 1387 368 1446 intravere
382 1383 437 1445 sub
456 1386 555 1462 siguis,
570 1385 725 1462 mediaque
739 1384 814 1447 urbe
830 1389 946 1464 agmine
958 1388 990 1447 in
1006 1387 1180 1448 Aventinum

222 1474 358 1546 pergunt.
382 1467 425 1528 ibt
436 1470 587 1528 coniuncti
599 1468 685 1530 alteri
700 1471 844 1531 exercitui
853 1471 956 1548 viginti
963 1470 1092 1532 tribunis
1103 1470 1166 1532 mili

222 1558 284 1610 tum
299 1552 450 1628 negotium
464 1551 623 1622 dederunt,
639 1560 672 1614 ut
687 1569 724 1614 ex
738 1571 791 1614 suo
806 1571 931 1615 numero
946 1553 1020 1616 duos
1033 1563 1179 1624 crearent,
1277 1627 1278 1632 ἵ

222 1635 273 1712 qui
288 1634 419 1696 summae
433 1652 535 1696 rerum
549 1643 730 1715 praeessent.
752 1635 791 1698 ii.
804 1635 932 1716 Oppium
948 1637 1015 1699 Sex.
1027 1637 1179 1699 Manilium
1277 1654 1278 1662 ¹

172 1725 203 1776 11
222 1725 334 1780 creant
353 1751 388 1763 -
406 1719 513 1781 Patres·
526 1718 645 1782 solliciti
662 1720 698 1782 de
714 1737 828 1782 summa
836 1738 954 1791 rerum,
972 1739 1040 1782 cum
1060 1730 1179 1783 senatus

223 1792 330 1864 cotidie
357 1811 447 1874 esset,
469 1805 574 1883 iurgiis
598 1806 717 1882 saepius
734 1811 835 1866 terunt
853 1812 971 1883 tompus
996 1821 1085 1883 quam
1107 1821 1178 1866 con·

173 1894 204 1945 12
221 1885 306 1970 siliis.
336 1886 415 1949 Sicci
437 1887 543 1949 caedes
562 1888 735 1949 decemuiris
755 1894 785 1949 ot
804 1889 936 1968 Appiana
957 1887 1050 1952 libido
1078 1897 1108 1950 et
1127 1889 1178 1950 de·
1277 1917 1278 1946 i

222 1971 330 2033 decora
341 1970 461 2032 militiae
473 1969 687 2033 obiciebantur.
705 1970 841 2050 placebat
851 1970 999 2034 Valerium
1009 1973 1178 2034 Horatium·

222 2071 280 2132 que
294 2056 339 2116 ire
353 2057 384 2114 in
400 2057 584 2116 Aventinum.
607 2055 651 2115 illi
666 2054 813 2134 negabant
831 2075 864 2118 se
875 2054 960 2118 aliter
970 2057 1073 2127 ituros,
1090 2073 1178 2134 quam

221 2141 247 2200 si
267 2138 427 2200 decemviri
446 2139 631 2216 deponerent
655 2141 782 2218 insignia
806 2142 993 2217 magistratus
1014 2141 1092 2211 eius,
1119 2157 1178 2218 quo

174 2231 204 2283 13
222 2221 598 2284 annoiamanteabisscnt.
621 2223 782 2284 decemviri
791 2230 950 2300 querentes
961 2225 1178 2287 seinordinam

223 2307 290 2383 cogi
308 2323 369 2366 uon
384 2312 451 2367 aute
463 2323 550 2384 quarn
567 2305 689 2386 perlatis
703 2306 833 2385 legibus,
850 2324 975 2385 quarum
987 2325 1074 2370 causa
1086 2308 1178 2368 creati
1276 2343 1277 2394 i

224 2395 330 2459 essent,
345 2389 530 2468 deposituros
544 2391 703 2470 imperium
717 2409 749 2452 se
764 2390 891 2453 aiebant.
1276 2395 1277 2400 ’

189 2482 202 2531 1
237 2536 244 2544 ,
285 2473 344 2535 Lll.
370 2473 428 2536 Per
442 2473 480 2536 ll.
493 2473 647 2546 Duillium,
664 2475 716 2552 qui
728 2473 971 2554 tribunusplebis
985 2475 1096 2546 iuerat,
1111 2493 1178 2536 cer·

221 2560 278 2618 tior
293 2558 369 2618 lacta
384 2557 484 2636 plebs,
504 2558 742 2620 contentionibus
759 2559 888 2620 adsiduis
905 2557 978 2620 nibil
991 2559 1130 2636 uanugi,
1145 2561 1178 2619 in

187 2653 203 2700 2
222 2641 346 2703 Sacrum
368 2649 499 2703 montem
520 2659 557 2703 ex
575 2643 719 2704 Aventino
744 2643 849 2704 transit
874 2643 1046 2704 adfirmante
1066 2641 1176 2703 Duillio

221 2743 281 2785 non
295 2727 394 2804 prius,
410 2741 499 2803 quam
513 2726 612 2788 deseri
627 2725 733 2788 urbem
747 2726 879 2797 videant,
902 2744 1003 2787 curam
1017 2727 1048 2786 in
1062 2727 1177 2786 animos

221 2816 338 2887 patrum
352 2809 576 2871 descensuram:
594 2811 812 2871 admordtauum
823 2810 946 2872 Sacrum
960 2817 1091 2870 montem
1105 2827 1176 2871 con·
1275 2813 1276 2854 i

224 2895 345 2953 stantiae
357 2891 469 2970 piebis,
486 2888 680 2972 sciturosque,
692 2895 718 2956 si
731 2911 792 2954 non
805 2896 937 2956 restituta
949 2895 1109 2955 tribunicio
1122 2912 1176 2972 po·
1275 2913 1276 2923 ¹

186 2985 203 3039 3
221 2982 324 3036 testate
340 2977 436 3054 redigi
449 2979 481 3037 in
498 2978 687 3038 concordiam
708 2996 758 3040 res
773 2984 892 3055 queant.
922 2979 966 3038 ria
981 2975 1174 3048 Nomentana,

221 3060 269 3119 cui
290 3066 353 3120 tum
371 3059 520 3123 liculensi
540 3078 650 3124 nomen
673 3062 742 3131 luit,
763 3062 890 3140 proiecti
911 3068 1006 3123 casua
1027 3062 1059 3120 in
1075 3068 1175 3123 monte

221 3143 312 3204 Sacro
329 3142 464 3207 locavere
481 3146 654 3208 modestiam
669 3154 787 3224 patrum
808 3162 930 3207 suorum
950 3143 1024 3206 nibil
1038 3143 1174 3205 violando

219 3227 332 3288 imitati.
356 3237 455 3290 secuta
472 3231 635 3291 exercitum
648 3229 734 3309 plebs
749 3227 840 3300 nubo,
856 3231 908 3306 qui
922 3246 978 3308 per
993 3236 1118 3290 aetatem
1130 3231 1175 3288 ire

184 3321 201 3369 a
219 3317 331 3386 posset,
347 3319 532 3376 retractante.
561 3321 758 3392 prosecuntur
774 3315 916 3391 coniuges
932 3311 1096 3389 liberique,
1112 3314 1174 3372 cui·

219 3407 287 3452 nam
304 3412 337 3455 se
352 3395 556 3474 relinquerent
569 3399 600 3458 in
619 3417 652 3459 ea
666 3397 758 3478 urbe,
777 3398 808 3458 in
823 3413 880 3475 qua
891 3414 947 3458 neo
961 3396 1103 3475 pudicitia
1117 3412 1173 3456 neo

185 3487 201 3537 o
218 3473 339 3539 libertas
350 3486 449 3540 sancta
463 3487 549 3552 esset,
560 3481 769 3544 miserabiliter
780 3483 949 3559 rogitantes.
959 3513 994 3526 -
1011 3479 1084 3542 Cum
1094 3485 1173 3540 vasta
