2522 3954
163 239 227 288 VIII
330 239 378 286 Du
397 239 469 288 TI'I'I
491 239 579 288 mvn
598 237 682 288 vtrd'
704 239 749 287 nu
772 238 937 289 scalpris.

163 397 379 472 grammaticam,
401 399 579 462 rhetoricam,
601 396 802 473 philosophiam
823 397 944 456 edoctus.
981 398 1124 457 Nemeum

101 543 110 555 ,
163 482 216 538 iam
237 479 285 538 illo
306 489 428 557 tempore
448 491 476 540 et
492 483 520 540 iu
542 481 603 539 aliis
621 481 768 556 provinciis
783 482 957 556 grammatica
971 483 1124 547 doceretur.

163 573 191 621 et
210 565 239 620 in
255 563 340 622 Gallia
356 574 465 640 togata.
480 581 513 624 ex
527 583 582 642 qua
593 573 654 622 orta
669 564 808 640 praeclara
824 565 911 622 omnis
926 566 1035 640 generis
1050 567 1124 640 inge-

163 649 208 705 nia
222 647 315 706 literam
332 649 464 708 humanas
483 649 669 713 illustrarunt,
690 649 802 707 maxime
816 643 967 722 floreret⁸)‚
984 649 1124 726 probabile

163 748 228 790 sana
240 741 282 788 est
295 733 376 790 etiam
390 733 506 798 Patauii,
515 733 544 792 in
557 733 624 791 urbe
642 732 855 808 opulentisstma.
870 741 898 790 et
913 734 970 792 eius
984 733 1125 792 doctrinae

162 823 190 872 et
208 814 314 873 illarum
330 816 547 892 disciplinarum,
563 833 629 892 quas
646 817 749 874 Livium
763 817 880 874 coluisse
896 825 1021 881 constat,
1039 817 1125 875 luisse

163 908 281 973 apertas.
312 900 351 956 lbi
371 909 461 958 autem
482 918 538 959 non
560 900 648 966 solum
670 901 769 976 puerili
785 909 887 966 aetate,
907 901 955 959 sed
975 901 1056 959 etiam
1076 917 1125 976 per

163 979 371 1042 adolescentiam
391 995 574 1043 commoratus
589 994 640 1042 est.
670 983 763 1059 Neque
779 985 850 1042 cuim
868 985 1032 1042 Pataviuitas
1048 985 1076 1040 in
1091 1001 1124 1042 eo

163 1065 322 1140 reprehendi
340 1069 445 1145 potuit.
468 1069 522 1126 nisi
535 1087 585 1144 per
601 1069 714 1143 longum
726 1077 832 1144 tempus
845 1069 948 1126 Patavii
958 1068 1125 1126 domicilium

162 1150 310 1214 hahmsset
327 1168 415 1227 neque
427 1153 486 1211 eius
499 1153 576 1211 urbis
588 1153 719 1210 historiae
735 1153 931 1211 accuratiorem
941 1169 1054 1226 eamque
1069 1168 1125 1208 nnn

163 1251 195 1290 ex
212 1234 339 1292 homenis
357 1237 405 1293 sed
427 1253 459 1294 ex
481 1237 616 1296 Patavinis
636 1237 760 1294 iontdcus
782 1237 906 1294 haustam
930 1236 1123 1310 cognitionem¹

163 1317 378 1393 quampluribus
395 1319 463 1377 locis
476 1321 575 1396 prodit
576 1363 583 1387 ‚
601 1339 624 1376 v.
642 1321 661 1384 l,
677 1329 707 1386 1:
730 1321 760 1384 V,
772 1329 821 1386 333
842 1321 909 1383 117,
927 1319 979 1376 sibi
993 1328 1124 1393 parasset,

162 1400 215 1457 ulsi
236 1402 315 1458 etiam
338 1401 430 1459 adulta
446 1412 534 1460 aetate
548 1404 587 1459 ibi
603 1403 751 1459 restitisset
758 1398 789 1474 ⁹).
823 1401 880 1470 Quo
898 1410 1020 1475 tempore
1036 1403 1124 1476 patria

161 1484 229 1542 urbe
245 1483 338 1542 relicta
354 1485 464 1542 Romam
476 1480 513 1558 ¹⁰)
536 1485 700 1560 migraverit,
718 1485 771 1542 etsi
787 1501 842 1542 uon
856 1485 995 1560 proditum
1011 1493 1054 1541 est
1069 1501 1120 1540 me

161 1569 272 1630 moriac,
288 1577 377 1624 tamen
395 1578 457 1626 ante
471 1585 571 1626 anuum
584 1569 618 1625 ub
634 1587 661 1624 u.
678 1585 702 1626 o.
717 1573 768 1630 777
784 1569 835 1625 iam
853 1567 1018 1642 aliquamdiu
1034 1567 1124 1625 sedem

162 1650 200 1707 ibi
219 1650 381 1708 collocatam
397 1651 524 1709 hahuisse
545 1652 616 1710 infra
630 1651 788 1709 uidebimus.
808 1653 908 1710 homae
923 1659 1014 1710 autem
1028 1651 1057 1707 in
1070 1652 1124 1708 Au·

162 1735 250 1808 gusti,
277 1735 342 1808 „qui
364 1736 473 1810 ingenia
491 1735 592 1794 saeculi
611 1735 655 1792 sui
677 1735 800 1794 omnibus
820 1736 908 1794 modis
931 1736 1032 1800 lovit‚“
1053 1735 1120 1792 noti·

164 1817 227 1874 dam
241 1819 328 1882 veuit,
348 1819 430 1892 eique
451 1819 595 1878 consilium
610 1835 689 1876 suum
704 1819 835 1876 historiae
850 1820 1007 1878 scribendae
1019 1819 1122 1876 videtur
1179 1863 1180 1868 1

68 1920 69 1924 ¹
163 1901 310 1975 aperuisse,
326 1920 349 1957 v.
361 1901 402 1966 lV,
417 1909 459 1967 20,
471 1909 497 1964 7.
512 1902 546 1959 Et
557 1921 589 1960 ex
605 1903 656 1960 hac
669 1920 701 1960 re
717 1901 880 1977 intelligitur
900 1912 927 1960 et
943 1904 1029 1961 Taciti
1048 1902 1125 1959 testi·

164 1985 269 2047 mortio,
290 1985 337 2057 qui
350 1987 419 2041 hun.
436 1985 477 2048 lV,
494 1991 542 2046 34:
564 1995 611 2050 „et
633 1985 729 2042 tulisse
743 1987 895 2058 Augustum
911 1987 977 2043 bivii
998 1987 1032 2044 de
1046 1987 1124 2042 Pom·

163 2066 225 2140 peio
239 2067 368 2125 iudicium
379 2085 467 2142 neque
482 2069 509 2125 id
524 2085 619 2126 eorum
628 2067 760 2126 amicitiae
768 2068 909 2126 offecisse⁴‘
918 2069 1039 2144 tradidit.
1052 2087 1124 2126 com·

163 2149 309 2225 probatur,
326 2152 354 2208 iu
366 2151 577 2209 familiaritatem
594 2150 726 2225 quandam
741 2151 775 2207 ab
788 2153 912 2225 Augusto
929 2167 989 2208 esse
999 2169 1063 2208 eum
1082 2169 1124 2208 re·

163 2241 287 2307 ceptum,
308 2235 337 2290 in
353 2253 406 2308 qua
419 2235 574 2310 perstitisse
588 2235 691 2292 bivium
710 2243 792 2308 atque
806 2251 867 2293 cum
881 2235 941 2310 ipso
957 2235 1081 2308 Augusto
1096 2244 1124 2291 et

163 2333 224 2374 cum
247 2318 305 2374 eius
323 2318 424 2384 familia
445 2335 533 2392 usque
553 2319 587 2376 ad
606 2327 752 2375 extremam
775 2317 836 2376 fere.
854 2319 935 2374 vitam
955 2317 1040 2374 luisse
1061 2335 1124 2376 cou-

163 2401 286 2458 iunctum
301 2401 363 2458 iude
376 2401 500 2476 colligas,
515 2403 588 2476 quod
603 2401 732 2458 Suetonio
749 2395 863 2475 testess)
878 2399 997 2466 Claudio.
1014 2401 1062 2476 qui
1075 2417 1124 2475 po·

163 2515 364 2526 ...mm-...-

231 2565 257 2629 8)
276 2567 329 2618 hu.
342 2568 405 2618 Suet.
419 2567 449 2617 de
459 2567 543 2617 illustr.
556 2573 678 2627 grammat.
691 2582 712 2618 e.
726 2563 754 2623 3;
766 2564 903 2629 Bemhardp
914 2565 970 2616 hist
982 2565 1044 2616 liter.
1057 2566 1124 2616 horn.

165 2634 202 2684 etl.
215 2634 237 2684 ll
249 2650 273 2698 p.
286 2634 327 2689 72.
342 2635 377 2684 ed.
390 2633 422 2684 lll
434 2649 457 2697 p.
471 2631 516 2690 73;
529 2631 586 2682 210.

231 2697 257 2763 9)
276 2701 366 2751 Eodem
383 2701 495 2764 pertinet,
512 2700 576 2763 qnod
588 2699 676 2748 Patavii
689 2699 756 2748 Livio
768 2700 859 2749 amicos
876 2701 950 2748 luisse
962 2705 1059 2748 testatur
1070 2699 1124 2748 Plu·

164 2768 260 2818 turchos
274 2767 341 2818 Caes.
353 2767 399 2814 47:
424 2756 455 2814 ἐν
478 2757 511 2814 dl
529 2762 665 2830 Παταβίῳ
684 2756 772 2822 Γοέϊος
793 2757 963 2830 Κορνήλιος,
980 2753 1056 2831 ἀνὴρ
1079 2755 1123 2814 aal-

165 2829 285 2898 δόκιμος
303 2824 350 2882 ἐπὶ
371 2829 510 2897 μαντικῇ,
533 2829 636 2896 Λιβίου
658 2829 710 2880 τοῦ
732 2825 917 2896 συγγραφέως
938 2830 1056 2896 πολίτης
1075 2827 1123 2882 καὶ

164 2892 304 2964 γνώριμος
315 2909 360 2950 etc.
378 2898 421 2949 lul.
435 2899 521 2962 Obseq.
534 2897 567 2947 65
580 2897 659 2961 (tto).

233 2965 274 3029 10)
294 2965 345 3016 thu.
364 2967 410 3016 ritu
428 2967 455 3016 L.
468 2965 555 3016 Ouum:
575 2967 629 3029 „qui
642 2979 695 3015 cnm
711 2965 760 3015 iarn
772 2965 887 3016 doctriuis
900 2966 1004 3016 emditus
1016 2974 1038 3015 at
1049 2973 1125 3016 aetatu

164 3041 288 3098 prouectus
306 3040 379 3090 esset,
396 3034 494 3083 Romam
510 3047 537 3082 se
552 3033 678 3082 conterens
695 3039 717 3081 et
729 3033 831 3096 equestri
848 3033 981 3096 adscriptus
997 3033 1076 3082 ordint
1094 3034 1124 3082 ah

164 3101 303 3216 conigundae
325 3102 483 3150 Romanorum
514 3099 627 3149 historias
656 3099 758 3148 animum
790 3101 931 3163 apposuit,“
964 3099 1125 3160 Walngtrtuer

181 3167 216 3216 ,2
246 3182 281 3216 s.

163 3182 179 3232 p
232 3183 275 3295 Ill
294 3234 356 3284 Suet.
375 3233 457 3284 Ostur.
475 3249 497 3283 c.
510 3229 553 3282 89.
576 3232 707 3282 Sabellicus
723 3233 748 3282 in
766 3239 825 3282 orat
845 3233 874 3282 de
890 3231 954 3282 laud.
969 3231 1084 3282 historiae
1099 3231 1124 3280 in

164 3301 190 3350 T.
205 3301 297 3350 Livium
313 3301 446 3364 suspicatur
464 3315 549 3351 nomen
566 3300 653 3360 gentile
668 3299 787 3362 proluisse
798 3299 865 3350 tirio
878 3299 908 3349 ad
918 3299 1014 3360 angusti
1026 3298 1124 3358 gratiam

163 3367 304 3425 ineundam
325 3368 364 3417 Fr.
377 3368 404 3417 t.
417 3367 516 3418 Woldus
533 3366 613 3416 Schol.
631 3365 661 3415 de
684 3366 719 3415 lit.
737 3365 789 3416 Lat.
808 3365 850 3415 edi
865 3366 957 3416 Gurtlar
974 3363 1077 3420 dubitat,
1094 3378 1124 3412 aa

164 3435 344 3494 cognationum
365 3440 433 3494 gente
450 3435 516 3484 Liria
540 3447 610 3483 cansa
634 3432 801 3483 familiaritatis
818 3433 902 3487 luerit.
926 3438 955 3480 τ’.
977 3431 1061 3481 Mulier
1076 3430 1122 3480 hl

163 3515 186 3562 p.
199 3497 245 3558 90.
257 3497 303 3558 95;
327 3501 490 3562 Weingtrtuor
506 3516 530 3566 p.
543 3497 577 3549 48
588 3515 639 3564 sqq.
665 3501 698 3549 lle
719 3501 809 3550 ratisue
824 3513 884 3562 quae
900 3499 967 3548 hlrle
984 3511 1037 3546 cum
1055 3497 1125 3546 Clau·
