2580 3954
318 223 415 266 nmen
429 225 472 266 ιν.
500 223 571 266 car.
589 215 633 270 32.
659 204 697 288 [a.
714 205 748 266 O.
764 215 825 269 427.
840 205 902 288 4⁶26]
1024 213 1085 274 227

135 382 181 434 tur
203 381 270 434 ante
292 381 407 450 portam
423 370 580 442 Collinam,
606 379 634 432 et
654 373 686 430 in
705 372 797 431 rumis
817 375 922 434 armati
943 374 1084 453 dispositi,

91 468 92 472 ’
134 466 162 517 et
176 452 317 516 iustitium
334 456 366 515 in
380 456 446 515 loro
462 453 660 532 tabernaeque
682 454 813 524 clausae,
836 457 967 533 fiuntque
988 461 1085 518 omnia

132 542 238 620 castris
250 556 336 616 quarn
346 537 413 598 urbi
426 537 584 599 similiora:
606 555 672 598 cum
684 539 828 616 trepidam
844 540 987 602 civitatem
999 558 1084 618 prae·

109 653 113 660 ·
134 621 258 683 sonibus
274 639 328 700 per
341 623 421 683 vicos
439 621 565 682 dimissis
580 622 704 683 dictator
726 621 763 682 ad
780 625 947 684 contionem
962 623 1084 684 advoca·

133 717 192 766 tam
207 706 368 784 increpuit,
384 706 465 783 quod
480 707 592 767 animos
611 724 646 768 ex
661 713 719 765 tam
731 703 843 766 letibus
857 708 1014 770 momentis
1024 707 1083 767 lor·
1103 716 1119 764 2

132 798 221 851 tunae
232 807 390 867 suspensos
407 795 560 866 gererent,
577 797 609 850 ut
621 806 710 867 parva
724 790 835 848 iactura
851 798 987 868 accepta,
1009 809 1083 868 quae

132 873 196 951 ipsa
217 889 276 933 nou
302 873 406 934 virtute
431 871 558 933 hostium
579 890 634 934 nec
653 874 767 950 ignaria
789 871 914 933 Romani
939 877 1084 936 exercitus

132 955 183 1018 sed
201 956 345 1017 discordia
363 957 575 1036 imperatorum
595 963 713 1034 accepta
728 957 780 1026 sit,
803 956 955 1019 Veientem
970 957 1084 1018 hostem

132 1040 248 1101 sexiens
277 1041 385 1101 rictum
405 1041 615 1118 pertimescant
639 1039 823 1116 Fidenasque
847 1058 942 1119 prope
967 1043 1083 1120 saepius

69 1129 73 1138 '
132 1131 231 1202 captas
251 1141 339 1200 quarn
362 1129 553 1201 oppugnatas.
583 1123 702 1184 eosdem
725 1131 754 1184 et
767 1123 916 1184 Romanos
937 1130 966 1185 et
986 1123 1085 1186 hostes
1103 1135 1120 1186 3

133 1225 211 1277 esse,
229 1209 278 1284 qui
291 1224 346 1284 per
359 1213 402 1266 tot
417 1203 534 1267 saecula
544 1205 669 1275 fuerint,
688 1205 808 1279 eosdem
823 1207 951 1276 animos,
969 1208 1085 1268 easdem

132 1292 267 1367 eorporis
287 1291 379 1360 vires,
405 1289 507 1350 eadem
530 1307 611 1348 anna
632 1292 753 1366 gerere;
775 1307 807 1349 se
825 1305 944 1367 quoque
960 1291 1085 1352 eundem

132 1373 306 1434 dictatorem
320 1373 406 1434 llam.
421 1370 576 1432 Aemilium
591 1391 670 1441 esse,
697 1373 747 1448 qui
763 1383 846 1433 antea
861 1373 1024 1434 Veientium
1038 1373 1085 1434 Fi·

132 1457 339 1534 denatiumque
365 1456 508 1517 adiunctis
527 1453 648 1516 Faliscis
682 1455 718 1516 ad
738 1454 914 1516 Nomentum
941 1458 1086 1518 exercitus

132 1540 255 1610 fuderit,
278 1546 307 1601 et
327 1542 497 1618 magistrum
519 1540 648 1617 equitum
663 1540 695 1600 Α.
713 1538 881 1601 Cornelium
906 1541 1031 1602 eundem
1054 1543 1119 1601 int

131 1625 195 1686 acie
218 1624 299 1694 iore,
323 1625 374 1702 qui
393 1625 494 1703 priore
517 1621 595 1686 bello
617 1621 754 1684 tribunus
775 1622 900 1683 militum
919 1623 1007 1685 Larte
1028 1625 1085 1684 Το-

130 1707 243 1768 lumnio
258 1724 329 1786 rege
344 1708 508 1770 Veientium
528 1709 559 1766 in
580 1715 741 1785 conspectu
762 1706 887 1766 duorum
904 1708 1084 1769 exercituum

131 1794 229 1853 occiso
241 1790 334 1870 spolia
347 1793 443 1870 opima
455 1790 530 1850 loris
541 1791 668 1852 Feretrii
678 1788 787 1868 templo
799 1787 939 1852 intulerit.
955 1791 1085 1870 proinde
1103 1797 1118 1848 5

132 1892 278 1936 memores
297 1891 398 1936 seeum
418 1873 601 1952 triumphos,
624 1891 724 1935 sectun
745 1872 853 1950 spolia,
877 1893 977 1935 secum
994 1877 1084 1936 victo·

130 1959 205 2018 riam
222 1977 302 2027 esse,
319 1974 386 2017 curn
400 1954 534 2017 hostibus
548 1954 645 2017 scelus
659 1955 823 2034 legatorum
838 1959 998 2020 contraius
1014 1975 1084 2036 gen·

130 2041 203 2101 tium
220 2041 459 2110 interfectorum,
479 2039 598 2100 caedem
621 2041 652 2100 in
675 2057 748 2119 pace
764 2039 947 2100 Fidenatium
966 2041 1084 2102 colono-

130 2142 212 2194 rum,
234 2123 362 2193 indutias
385 2129 501 2202 ruptas,
527 2125 682 2201 septimam
703 2121 853 2184 infelicem
878 2124 1083 2197 delectionem,

131 2225 212 2268 arma
228 2216 376 2285 caperent.
409 2206 494 2286 simul
514 2215 607 2268 eastra
629 2207 732 2268 castris
754 2209 987 2279 coniunxissent,
1016 2211 1120 2272 satist

131 2291 281 2352 conlidere
295 2309 351 2353 nec
370 2290 602 2352 sceleradssimis
617 2289 751 2352 hostibus
769 2291 937 2352 diuturnum
951 2311 985 2352 er
1001 2295 1084 2370 igno-

131 2376 219 2436 minia
241 2377 388 2436 exercitus
408 2375 532 2436 Romani
553 2374 691 2452 gaudium
714 2375 795 2443 iore,
822 2382 850 2436 et
871 2375 1013 2453 populum
1027 2377 1085 2436 lto·
1103 2391 1219 2446 effla·

130 2477 250 2520 manum
267 2458 501 2526 intellecturum,
526 2466 635 2534 quanto
657 2456 762 2519 ruelins
777 2458 814 2518 de
834 2475 867 2519 re
890 2457 1007 2535 publica
1024 2477 1085 2519 me·

130 2544 179 2602 rrti
196 2544 267 2610 sint,
291 2543 342 2618 qui
364 2561 395 2602 se
413 2537 584 2601 dictatorem
600 2541 718 2601 tertium
734 2539 875 2611 dixerint,
902 2557 989 2618 quarn
1006 2541 1084 2620 [eos]

132 2627 182 2701 qui
196 2622 234 2684 ob
254 2631 388 2702 ereptum
404 2639 547 2684 censurae
566 2639 691 2699 regnum
712 2621 810 2683 labem
830 2622 976 2685 secundae
996 2625 1085 2685 dicta·

40 2713 48 2726 '
131 2718 215 2769 turae
232 2725 301 2768 snae
315 2707 509 2785 inposuerint.
539 2706 613 2766 rotis
628 2705 734 2768 deinde
745 2708 921 2785 nuncupatis
936 2708 1086 2786 proiectus
1103 2715 1119 2766 8

131 2792 165 2851 hi-
176 2799 204 2851 et
219 2790 243 2850 D
258 2808 361 2869 passus
377 2789 448 2850 eitra
465 2789 591 2850 Fidenas
607 2797 702 2850 castra
716 2788 806 2860 locat,
823 2791 923 2852 dextra
936 2789 1086 2872 montibus

132 2874 212 2935 laera
226 2873 328 2936 'libori
349 2892 435 2935 amne
458 2881 585 2952 saeptus.
616 2873 649 2934 Τ.
666 2870 832 2942 Quinctium
847 2874 980 2950 Pennum
1005 2873 1085 2953 lega·
1102 2885 1119 2938 9

132 2968 194 3018 tunt
215 2976 360 3036 occupare
390 2965 504 3018 montes
528 2955 609 3017 iubet
633 2955 839 3035 occultumque
861 2957 892 3018 id
910 2961 1017 3036 iugum
1038 2977 1086 3020 ca·

132 3059 219 3119 pere,
238 3041 315 3118 quod
330 3040 366 3101 ab
381 3050 464 3118 tergo
475 3039 609 3102 hostibus
621 3041 706 3101 soret.
731 3042 795 3118 ipse
808 3051 927 3120 postero
940 3043 1002 3112 die,
1018 3060 1085 3102 cum
1106 3045 1134 3097 10

133 3125 249 3186 brianci
265 3123 345 3202 pleni
363 3125 527 3184 animorum
543 3122 579 3184 ab
595 3125 712 3202 pristini
723 3124 781 3185 diei
795 3123 917 3186 meliore
932 3126 1085 3187 occasione

133 3227 219 3285 quam
235 3225 332 3286 pugna
354 3210 385 3268 in
401 3209 494 3268 aciem
508 3208 737 3284 processissent,
754 3217 906 3268 cunctatus
916 3225 1084 3288 parumper,

133 3293 210 3372 durn-
221 3291 423 3371 speenlatores
440 3291 587 3353 referrent
602 3287 770 3360 Quinctium
785 3292 910 3353 erasisse
930 3293 961 3351 in
984 3294 1084 3372 iugum

133 3378 332 3454 propinquum
354 3377 415 3436 arel
431 3375 623 3443 Fidenarum,
646 3375 728 3451 signa
747 3373 874 3452 profert,
896 3375 1085 3453 peditumque

133 3460 226 3520 aciem
242 3462 412 3522 instructam
429 3457 516 3536 pleno
529 3457 621 3534 gradu
635 3459 666 3516 in
676 3457 790 3519 hostem
802 3458 930 3526 inducit:
947 3461 1085 3538 magistro
1106 3458 1132 3508 ¹¹

857 3541 920 3608 15*
