2534 3956
304 179 456 223 cannava.
492 178 563 222 oar.
581 169 624 224 24·
656 116 698 240 [a.
718 159 752 222 0.
767 161 831 238 381]
958 219 961 225 .
1020 165 1090 228 337,

126 334 239 392 tractus
258 336 442 408 opportunus
455 327 525 388 huic
548 327 696 406 eruptioni
715 326 778 386 luit.
811 342 913 386 versus
928 327 1027 402 itaque
1049 326 1079 385 in

127 415 269 473 rictorem
289 418 388 472 terror
411 417 441 471 et
461 426 537 471 novo
557 411 641 472 hoste
662 417 691 470 et
706 409 812 487 supina
830 407 905 468 valle
918 406 1081 469 Romanam

126 494 278 557 inclinavit
291 495 395 554 aciem.
424 495 534 554 instant
547 493 647 554 Vulsci
661 497 797 553 recentes
814 492 892 568 quie
906 491 1011 552 castris
1026 493 1080 550 im·
1098 502 1118 552 ⁴

126 587 227 658 petum
239 577 544 654 fecerant,iutegrant
556 575 795 654 etillipugnam,
808 575 859 652 qui
870 573 1006 636 simulata
1017 590 1081 634 cos·
1113 603 1116 606 ·

127 667 228 722 serant
241 661 319 739 luga.
354 661 414 720 iam
433 676 493 720 non
508 659 671 738 recipiebat
691 677 723 719 se
736 656 886 718 Romanus
902 655 1004 738 miles,
1029 656 1081 717 sed

126 747 272 804 inmemor
288 744 418 805 recentis
428 742 557 805 ferociae
568 744 734 819 veterisque
749 741 866 801 decoris
877 745 962 818 terga
972 741 1081 820 passim

126 825 229 896 dabat,
247 833 335 906 atque
352 826 443 888 effuso
458 843 549 886 cursu
567 831 662 888 castra
677 824 846 902 repetebat,
863 841 931 887 cunt
943 822 1081 886 Camillus
1098 834 1116 886 a

126 908 277 972 subiectus
287 908 324 970 ab
337 909 594 970 circumstantibus
611 911 642 969 in
655 925 763 986 equum
778 914 807 968 et
823 909 931 986 raptim
943 906 1082 968 subsidiis

127 994 269 1072 oppositis
285 991 380 1063 „haec
391 989 455 1054 est“
469 994 579 1070 inquit,
595 991 740 1063 „milites,
756 1007 869 1070 pugna,
885 1008 973 1069 quam
987 1008 1081 1069 popo,

125 1077 241 1138 scistis?
257 1077 323 1153 quis
334 1075 434 1145 horno,
451 1077 517 1152 quis
532 1075 605 1136 deus
617 1081 674 1142 est,
691 1090 779 1149 quem
790 1091 931 1134 accusare
945 1073 1081 1150 possitis?

125 1164 223 1220 vestra
239 1157 289 1218 illa
301 1159 466 1226 temeritas,
478 1165 575 1218 vestra
588 1158 703 1234 ignem
717 1154 792 1216 haec
806 1162 858 1216 est
885 1159 980 1217 secuti
992 1155 1082 1216 alium
1099 1165 1118 1219 6

126 1242 233 1303 ducem
250 1241 407 1318 sequimini
424 1257 503 1300 nunc
515 1240 683 1309 Camillum,
698 1245 742 1308 et,
759 1239 838 1318 quod
852 1239 942 1300 ductu
956 1257 1022 1300 meo
1034 1256 1082 1298 so·

126 1324 208 1394 letis,
224 1325 340 1384 vincite.
373 1323 444 1402 quid
462 1322 570 1383 vallum
585 1330 616 1386 et
636 1328 731 1384 castra
751 1323 909 1400 spectatis?
933 1323 1082 1384 neminem

125 1414 257 1469 vestrum
271 1406 321 1468 illa
339 1408 397 1468 nisi
413 1408 556 1468 victorem
572 1411 730 1485 receptura
747 1411 844 1466 sunt“.
873 1407 969 1485 pudor
984 1407 1081 1485 primo
1099 1416 1116 1466 t

125 1490 360 1561 tonuiteffuscs3
374 1490 444 1552 inde
465 1498 500 1552 ut
513 1491 672 1568 circumagi
693 1491 777 1567 sigua
799 1488 972 1567 obvertique
988 1491 1084 1550 aciem

126 1574 263 1635 viderunt
279 1576 311 1634 in
324 1575 454 1646 hostem,
472 1580 504 1636 ‘et
521 1575 595 1645 dux,
618 1581 825 1652 praeterquam
847 1571 954 1654 [quod]
973 1579 1017 1633 tot
1037 1573 1082 1631 iu·

90 1721 98 1736 ,
125 1658 217 1734 signis
239 1657 412 1737 triumphis,
441 1660 530 1719 etiam
551 1664 645 1718 aetate
667 1655 860 1725 venerabilis,
887 1658 965 1716 inter
986 1656 1082 1734 prima

125 1744 223 1818 signa,
240 1739 292 1801 ubi
306 1740 453 1819 plurimus
462 1740 548 1800 labor
559 1737 784 1818 periculumque
793 1745 870 1808 erat,
887 1757 919 1800 se
931 1737 1082 1808 offerebat,

128 1823 284 1901 increpare
298 1821 406 1900 singuli
428 1841 460 1884 se
476 1825 601 1902 quisque
618 1829 648 1884 et
664 1820 752 1892 alios,
773 1827 803 1883 et
814 1821 980 1882 adhortatio
995 1822 1026 1880 in
1040 1822 1082 1880 vi·
1112 1849 1115 1854 ¹

127 1923 192 1967 cem
204 1911 296 1966 totam
310 1904 401 1966 alacri
414 1905 544 1967 clamore
558 1907 687 1984 pervasit
702 1906 806 1966 aciem.
835 1921 932 1983 neque
944 1904 1018 1966 alter
1029 1905 1082 1964 tri·
1099 1912 1118 1964 8

126 1997 224 2050 nunus
239 1989 286 2050 rei
300 1988 407 2058 defuit,
425 1988 478 2050 sed
489 1989 596 2050 missus
608 2007 625 2049 a
638 1986 750 2065 collega
763 1989 936 2050 restituente
952 1989 1084 2066 peditum

127 2073 220 2133 aciem
236 2071 272 2132 ad
288 2072 401 2150 equites
421 2089 481 2132 non
498 2070 681 2150 castigando,
709 2071 745 2131 ad
760 2089 848 2149 quam
862 2070 1083 2132 remleviorem

126 2161 279 2216 auctorem
295 2172 363 2216 eum
378 2152 482 2234 culpae
493 2157 619 2216 societas
634 2154 758 2222 fecerat,
774 2154 827 2214 sed
844 2153 880 2214 ah
896 2154 1022 2234 imperio
1036 2159 1082 2214 to·

126 2245 173 2299 tus
193 2238 230 2299 ad
245 2255 350 2316 preces
365 2255 466 2299 versus
490 2255 576 2299 orare
597 2235 729 2314 singulos
746 2237 975 2315 universosque,
999 2245 1033 2298 ut
1049 2255 1082 2300 se

125 2338 211 2382 reum
236 2321 374 2383 fortunae
395 2323 458 2383 eius
479 2321 537 2382 diei
552 2321 686 2380 'erimine
705 2319 884 2379 eximerent:
913 2320 1118 2389 „abnuentet

125 2421 160 2464 ac
176 2403 355 2483 prohibente
375 2403 488 2482 collega
510 2402 683 2462 temeritatis
703 2418 750 2461 me
764 2403 897 2460 omnium
912 2405 1011 2480 potius
1034 2421 1081 2465 sc·

126 2487 205 2545 cium
226 2503 314 2562 quam
330 2489 419 2544 unius
439 2484 615 2562 prudentiae
631 2482 708 2544 dedi.
740 2483 880 2544 Camillus
901 2486 934 2544 in
956 2491 1082 2563 utraque
1111 2513 1113 2520 ·

127 2575 223 2628 vestra
250 2566 368 2626 fortuna
396 2584 481 2627 suam
503 2565 628 2644 gloriam
647 2565 742 2626 videt:
772 2583 841 2643 ego,
864 2568 896 2627 ni
917 2569 1082 2629 restituitur

125 2665 240 2730 pugna,
269 2649 347 2728 quod
369 2650 568 2710 miserrimum
591 2655 649 2719 est,
675 2649 825 2709 fortunam
845 2667 912 2710 cum
934 2651 1080 2723 omnibus,

125 2733 276 2794 infamiam
291 2731 372 2794 solus
383 2734 536 2794 sentiunt
568 2734 711 2810 optimum
726 2734 820 2793 risum
834 2736 923 2794 estin
937 2735 1081 2796 fluctuan-
1100 2753 1135 2806 ιο

125 2823 186 2878 tem
198 2818 308 2886 aciem,
322 2815 399 2876 tradi
410 2833 502 2894 equos
513 2824 542 2878 et
553 2816 684 2896 pedestri
696 2833 794 2894 pugna
806 2817 944 2879 invadere
955 2817 1079 2880 hostem.

126 2901 333 2978 euntinsigues
343 2901 613 2978 armisanimisquo,
627 2917 683 2976 qua
693 2901 790 2978 premi
800 2909 884 2978 parte
890 2903 1016 2963 maxime
1027 2919 1079 2981 pe·

125 2982 218 3044 citum
231 2984 332 3060 copias
345 2983 453 3045 vident
487 2983 561 3044 nihil
576 2999 673 3060 neque
690 2983 768 3061 apud
782 2983 871 3045 duces
885 3002 982 3062 neque
1000 2981 1079 3063 apud

125 3063 233 3127 milites
248 3066 407 3126 remittitur
429 3084 575 3128 asummo
591 3067 752 3128 certamine
770 3067 868 3128 animi.
899 3069 991 3130 sensit
1008 3085 1079 3146 ergo
1099 3080 1134 3135 lt

126 3155 247 3210 eventus
257 3148 371 3209 virtutis
383 3150 486 3211 enixae
496 3167 592 3228 opem,
608 3157 638 3210 et
648 3147 753 3218 Volsci,
771 3166 827 3227 qua
842 3150 929 3211 modo
944 3150 1078 3212 shnulato

124 3238 205 3300 metu
217 3239 381 3300 cesserant,
396 3249 431 3294 ea
440 3233 474 3292 in
484 3250 583 3294 reram
598 3233 697 3310 lugam
709 3233 794 3294 eliusi
805 3251 909 3310 magna
923 3250 993 3312 pars
1005 3242 1034 3296 et
1046 3235 1079 3294 in

125 3315 190 3392 ipso
204 3315 364 3376 certandae
380 3322 486 3393 etpost
499 3317 530 3375 in
540 3317 608 3393 luga
624 3316 711 3386 caesi,
727 3317 818 3377 ceteri
829 3319 859 3376 in
876 3319 987 3388 castris,
1002 3336 1078 3396 quae

20 3465 21 3476 q
124 3406 210 3475 capta
224 3398 329 3460 eodem
339 3399 543 3479 impetusunt:
559 3397 660 3478 plures
670 3406 769 3463 tamen
785 3400 863 3478 capti
878 3419 965 3480 quam
977 3402 1077 3462 occist.

159 3509 185 3545 '1'-
198 3511 257 3547 ΜΠ
270 3511 339 3549 ma
351 3513 371 3548 1.
884 3489 925 3549 Ὦ
