2580 3954
305 241 400 282 urens
418 241 465 282 111.
492 239 562 282 cer.
576 231 620 288 28·
635 232 679 286 29.
698 222 737 300 [c.
753 222 806 283 Ob.
821 229 883 296 458]
1011 228 1073 291 153

4 445 5 448 ,
119 391 243 454 bostem.
276 388 379 452 consul
400 389 594 451 differendum
613 396 713 466 negat:
735 388 786 449 illo
803 387 932 452 clamore
947 407 1006 452 non
1021 391 1110 453 od-tt

119 482 238 538 ventum
261 474 348 534 modo
369 473 543 552 significari,
563 472 615 534 sed
631 490 696 533 rem
710 472 747 533 ab
764 475 825 534 suis
843 480 993 551 coeptam,
1018 477 1073 534 mi·

119 575 246 636 rumque
269 576 347 626 esse,
370 559 402 617 ni
421 559 480 618 iam
498 557 643 618 exteriore
661 564 746 635 parte
765 563 859 618 castra
874 556 1003 618 bostium
1020 576 1073 636 op-

118 648 297 720 pugneotur.
325 643 424 718 itaque
447 659 528 702 arma
549 658 618 700 suos
637 657 745 718 capere
767 646 848 702 etse
869 640 1009 718 subsequi
1028 643 1073 701 iu-

4 733 7 761 *
118 725 179 786 bet.
203 732 302 786 nocte
328 726 433 785 initum
460 723 608 802 proelium
633 730 685 786 est.
727 722 895 802 legionibus
924 723 1110 788 dictatoriso

118 807 249 870 clamore
265 809 431 887 significant
445 807 482 869 ab
501 825 534 868 ea
551 823 669 884 quoque
683 815 768 886 parte
782 825 848 868 rem
859 809 890 867 in
902 807 1074 870 discrimino

119 911 193 954 esse.
224 893 282 953 iam
302 911 334 953 se
351 891 388 953 ad
408 889 594 971 prohibenda
611 890 790 951 circumdari
808 908 898 969 opera
913 891 1007 969 Aequi
1022 909 1074 970 pe·
1092 905 1110 954 7

118 975 239 1046 rabant,
268 992 336 1035 curn
356 974 393 1036 ab
417 975 560 1035 interiore
579 973 664 1034 hoste
684 973 799 1053 proelio
817 983 937 1052 coepto,
965 991 1004 1036 ne
1019 992 1074 1054 per

117 1059 215 1121 media
231 1077 284 1120 sna
301 1065 395 1120 cestra
411 1059 496 1119 fieret
510 1059 634 1137 eruptio,
650 1075 666 1118 a
681 1057 881 1119 munientibus
893 1058 930 1118 ad
940 1075 1074 1136 pugnau-

116 1150 162 1205 tes
176 1143 338 1204 introrsum
352 1142 431 1203 versi
443 1158 565 1202 vacuam
581 1149 700 1202 noctem
716 1143 801 1220 operi
815 1141 939 1209 dedere;
961 1158 1074 1219 pugna-

116 1233 239 1303 tumque
250 1243 318 1286 cum
329 1223 669 1299 consulendiucemest.
689 1223 756 1286 luce
769 1226 865 1302 prime
876 1226 935 1284 iam
947 1226 1074 1285 circum·
1092 1232 1112 1286 8

116 1306 215 1370 vadati
229 1308 265 1370 ab
284 1309 427 1370 dictatore
443 1315 536 1378 crant,
556 1313 585 1368 et
599 1309 647 1367 rix
658 1307 797 1368 adversus
807 1325 900 1368 unum
912 1308 1075 1369 exercitum

117 1409 247 1471 pugnam
263 1391 455 1454 sustinebant
481 1399 574 1452 tuma
590 1387 765 1460 Quinctiano
777 1392 917 1462 exercitu,
937 1392 987 1469 qui
1002 1408 1074 1452 con·

117 1476 215 1538 testim
234 1495 251 1536 a
268 1476 401 1554 perfecto
416 1478 509 1555 op‘ere
525 1474 562 1535 ad
577 1493 659 1536 arma
673 1475 778 1545 rediit,
794 1474 941 1536 invaditur
955 1473 1074 1536 vellum.

117 1559 166 1620 bic
182 1559 310 1621 instabat
330 1577 405 1621 nova
424 1575 538 1638 pugna;
554 1558 604 1619 illa
628 1557 702 1619 nibil
717 1559 873 1620 remiserat
886 1559 979 1638 prior.
1011 1565 1074 1619 turn
1091 1566 1111 1620 u

117 1644 240 1720 ancipiti
257 1641 334 1704 melo
351 1649 477 1720 urgente
499 1661 515 1703 a
529 1641 644 1722 proelio
665 1642 702 1704 ad
722 1659 828 1720 preces
845 1643 924 1704 versi
944 1641 1015 1702 binc
1029 1642 1074 1702 di·

119 1733 277 1797 ctatorem,
299 1727 370 1788 binc
387 1725 539 1807 consulem
550 1743 647 1795 orare,
665 1743 703 1787 ne
713 1727 745 1786 in
757 1727 910 1787 occidione
921 1727 1075 1786 victoriam

117 1817 278 1889 ponerent,
299 1819 331 1871 ut
344 1813 475 1872 inermes
491 1829 523 1871 se
543 1810 613 1871 inde
627 1809 711 1871 abire
727 1810 867 1870 sinerent
899 1808 935 1870 ab
952 1807 1074 1870 conside

117 1893 155 1954 ad
178 1893 354 1955 dictatorem
379 1895 424 1954 ire
449 1894 754 1972 iussisdgoominiam
784 1894 924 1954 incensus
949 1892 1072 1954 eddidit:

117 1976 286 2040 Gracchum
306 1976 448 2040 Cloelium
463 1977 569 2038 ducem
588 1978 801 2056 principesque
817 1975 891 2038 alios
904 1977 1018 2037 vinctos
1037 1975 1075 2036 ad
1094 1981 1128 2034 ld

116 2079 149 2122 se
173 2060 278 2122 adduci
301 2058 406 2130 iubet,i
421 2061 530 2139 oppido
551 2060 698 2123 Corbione
720 2059 833 2121 decedi.
870 2061 1022 2137 sanguinis
1042 2077 1074 2120 se

115 2143 286 2221 Aequorum
298 2162 359 2206 non
374 2161 478 2222 egere:
493 2143 584 2205 licere
596 2143 696 2205 abire:
712 2142 764 2206 sed
776 2149 809 2204 ui
818 2144 999 2224 exprimatur
1010 2150 1074 2203 tan·

116 2227 185 2289 dem
217 2227 363 2290 confessio
383 2226 534 2288 subactam
551 2227 749 2306 domitamque
773 2245 838 2289 esse
863 2233 997 2306 gentem,
1019 2224 1074 2288 sub

114 2312 217 2390 iugum
232 2309 374 2373 abituros.
399 2309 496 2373 tribus
510 2311 601 2373 basiis
616 2313 718 2388 iugum
731 2311 765 2372 iit
779 2309 863 2371 humi
877 2311 943 2371 tisis
959 2309 1074 2371 duobus
1093 2317 1123 2372 li

114 2412 265 2474 superque
282 2414 332 2458 cas
345 2403 513 2456 transversa
527 2411 586 2456 una
600 2393 734 2471 deligato.
755 2391 810 2454 sub
824 2392 882 2454 boc
896 2394 966 2472 iugo
982 2395 1073 2454 dicta·

115 2486 162 2540 tor
177 2479 297 2556 Aequos
312 2480 400 2540 misit.

176 2561 278 2623 XXIX.
300 2563 408 2640 Castris
424 2561 554 2624 bostium
568 2561 698 2640 receptis
713 2559 811 2638 plenis
827 2561 959 2620 omnium
971 2577 1075 2620 rerum
1093 2571 1107 2620 1

117 2678 152 2688 -
172 2645 267 2706 nudos
285 2647 364 2706 enim
380 2649 520 2708 emiserat
538 2678 573 2690 -·
592 2645 733 2723 praedam
756 2659 875 2704 omnem
892 2661 945 2705 suo
960 2649 1074 2704 tantum

114 2727 200 2788 militi
221 2728 316 2790 dedit:
345 2728 532 2790 consularem
552 2730 716 2790 exercitum
737 2729 894 2805 ipsumque
922 2725 1074 2788 consulem
1092 2740 1109 2788 2

113 2813 274 2889 increpans
294 2812 452 2883 „carebis“
475 2813 573 2889 inquit
592 2811 740 2891 „praedae
757 2817 856 2889 parte,
870 2810 970 2880 miles,
986 2829 1022 2872 ex
1037 2828 1073 2872 eo

112 2894 216 2963 hoste,
239 2898 287 2956 oui
308 2914 403 2976 prope
423 2896 552 2976 praedae
566 2895 655 2956 fuisti.
690 2902 719 2956 et
734 2902 774 2964 tn,
790 2895 823 2955 L.
838 2895 963 2964 Minuci,
978 2895 1073 2955 donec

115 2976 303 3040 consularem
326 2982 457 3041 oninium
480 2980 606 3057 incipias
629 2978 757 3048 habere,
784 2977 898 3056 legatus
913 2978 960 3039 bis
981 2977 1073 3056 legio-

114 3059 204 3122 nibus
224 3063 389 3138 praeeris.“
421 3065 461 3124 ita
483 3082 515 3125 se
531 3063 677 3125 Minucius
693 3061 810 3124 abdicat
827 3060 995 3130 consulatu,
1013 3063 1072 3122 ius·
1090 3065 1194 3136 e&

113 3161 224 3222 susque
245 3144 282 3204 ad
303 3147 464 3206 exercitum
484 3152 591 3208 manet.
622 3147 674 3208 sed
696 3147 769 3206 odeo
789 3151 851 3205 tum
869 3145 995 3221 imperio
1011 3161 1072 3204 me·

114 3226 182 3288 liori
206 3229 323 3290 animus
345 3236 496 3290 mansuete
513 3228 676 3291 oboediens
700 3235 777 3298 erat,
801 3235 834 3287 ut
857 3225 996 3288 beneficii
1010 3243 1072 3287 ma·

116 3313 160 3390 qis
185 3329 286 3390 quarn,
299 3313 480 3392 ignominiae
501 3312 551 3373 hic
574 3315 721 3374 exercitus
740 3329 856 3373 memor
878 3316 907 3372 et
931 3327 1072 3371 coronam

116 3411 235 3457 tuream
257 3395 393 3458 dictatori
409 3393 516 3456 libram
528 3396 628 3475 pondo
644 3396 821 3465 decreverit,
838 3401 867 3456 et
881 3394 1071 3472 proficiscen·

114 3485 175 3541 tem
195 3497 261 3542 uim
284 3487 443 3558 patronum
461 3478 637 3542 salutaverit
665 3480 776 3542 Romae
792 3495 809 3538 a
827 3476 861 3546 Q.
877 3476 968 3538 Fabio
985 3476 1107 3557 pros-⁴
