2522 3954
206 225 264 274 nv
376 223 424 270 DE
448 222 519 269 'rm
541 221 628 268 mvn
650 218 733 268 VITA
755 219 799 266 ΕΤ
821 217 988 267 SUMPTIS.

203 383 278 440 addit
290 381 362 438 domi
375 378 540 454 militiaeque
558 379 658 442 factas,
675 393 744 452 quae
758 377 782 433 si
798 375 898 434 multae
912 385 977 436 sunt
990 386 1018 434 et
1031 377 1123 434 variae
1139 377 1166 434 id

176 533 179 542 .
203 466 375 540 potissimum
394 471 484 526 curat,
506 472 537 520 ut
557 461 635 521 facile
655 461 688 518 ab
703 479 758 518 una
780 461 813 518 ad
826 460 906 518 aliam
927 461 1043 518 transire
1066 462 1166 536 possit.

204 558 232 606 et
251 549 443 607 commissurae
466 557 555 604 tamen
573 563 621 604 eae
641 545 710 610 sint,
731 553 762 602 ut
784 561 853 619 quae
873 545 945 602 inter
963 537 1002 602 se'
1014 545 1168 619 iunguntur

204 641 297 708 partes
319 633 442 705 integrao
462 638 490 687 et
513 629 601 688 clarae
619 641 647 687 et
672 629 705 686 ab
725 628 804 685 initio
829 629 921 685 statim
944 627 1012 686 aliae
1035 646 1096 687 esse
1119 647 1167 703 ap-

204 724 326 792 pareant.
361 717 428 772 Tum
446 713 615 788 gravioribus
631 713 712 770 rebus
727 711 859 769 absolutis
874 710 976 769 leviora
990 713 1019 768 in
1034 711 1086 770 tine
1102 714 1166 769 aurai

204 800 302 857 addere
327 798 415 861 solet,
436 797 573 872 prodigia,
595 797 729 855 clarorum
748 796 868 854 uirorum
888 804 1006 861 mortes,
1033 796 1167 858 incendia,

205 883 310 940 Tiberis
328 881 534 945 inundationes,
551 883 707 939 sacerdotes
723 889 751 938 et
761 880 956 954 magistratum
970 889 1087 943 creatos,
1099 879 1167 942 alia;

205 966 390 1040 digressiones
410 983 440 1022 se
461 981 516 1022 non
537 982 666 1040 qemerere
686 967 746 1039 ipse
760 963 920 1039 profitetur,
940 980 991 1022 nee
1004 963 1058 1021 nisi
1072 964 1168 1039 paucis

190 1050 273 1108 ¹locis
294 1049 461 1124 interposuit
469 1042 519 1121 154)
546 1057 593 1105 aut
611 1049 737 1106 Romanis
758 1048 839 1105 rebus
854 1055 978 1104 externas
996 1055 1024 1105 et
1043 1047 1168 1122 peregri·

205 1151 254 1192 nas
266 1126 478 1206 immiscuit¹⁶⁶).
499 1131 595 1188 Rarius
609 1141 637 1189 et
651 1140 698 1188 aut
708 1131 815 1188 nescius
826 1139 873 1188 aut
884 1130 990 1206 Polybii
1005 1129 1167 1205 exemplum,

206 1217 253 1293 qui
267 1232 469 1290 nonnumquam
485 1232 554 1290 quae
568 1215 674 1274 duobus
691 1215 768 1272 annis
785 1215 855 1272 iacta
871 1221 937 1271 sunt
951 1214 1167 1290 comprehendit,

107 1328 111 1344 ··
205 1308 360 1365 secutus,et
373 1301 402 1357 in
412 1300 495 1357 rebus
510 1299 580 1373 apud
596 1307 701 1356 exteras
716 1308 813 1373 gentes
827 1306 927 1372 gestas,
945 1314 1079 1355 annorum
1093 1297 1168 1354 ordi·

204 1403 266 1442 nem
280 1377 464 1459 reliquum),
485 1383 620 1440 interdum
638 1383 667 1438 in
686 1383 778 1446 annis,
802 1382 834 1438 ad
854 1398 923 1456 quos
943 1399 987 1439 res
1010 1381 1169 1438 referendae

206 1479 296 1532 crant,
321 1466 430 1524 errarit.
465 1465 516 1522 Sed
538 1465 590 1524 hoo
608 1467 636 1522 in
655 1468 743 1541 prima
758 1465 872 1529 decade,
889 1465 936 1522 ubi
952 1465 1040 1528 „tanti
1058 1481 1169 1522 errores

206 1550 345 1627 implicant
354 1558 516 1624 temporum,
527 1557 559 1605 ut
570 1548 807 1623 necquioonsules
818 1549 966 1606 secundum
974 1565 1107 1622 quosaam
1118 1563 1169 1604 nec

207 1635 271 1708 quid
286 1649 474 1708 quoqueanno
488 1641 578 1690 actum
590 1633 634 1696 sit,
643 1633 672 1691 in
682 1641 757 1690 tauta
767 1639 901 1689 vetustate
916 1648 972 1688 non
984 1648 1076 1688 rerum
1085 1631 1169 1688 modo

207 1718 254 1776 sed
273 1719 355 1774 etiam
374 1725 502 1774 autorum
516 1717 639 1791 digerere
659 1716 778 1791 possis‘,
793 1715 823 1779 ll.
841 1720 888 1778 21.
903 1721 934 1778 4,
949 1714 1067 1789 aliquam
1086 1714 1170 1772 habet

207 1801 419 1864 excusationem,
440 1817 502 1858 cum
521 1799 708 1858 difficillimum
728 1807 800 1866 essct
814 1799 842 1855 in
860 1799 941 1856 variis
956 1815 1042 1856 annos
1057 1815 1171 1873 compu-

208 1885 281 1942 tandi
301 1883 468 1949 rationibus,
490 1901 556 1957 quas
573 1883 708 1940 annalium
724 1884 873 1958 scriptores
890 1883 976 1940 secuti
994 1884 1087 1948 erant.¹
1103 1883 1171 1957 quid

206 1969 296 2024 verius
320 1977 392 2025 esset
415 1967 550 2036 invenire,
569 1976 597 2025 et
614 1983 684 2042 quae
698 1967 803 2024 diversa
820 1965 994 2030 ridebantur,
1016 1983 1072 2040 quo
1087 1967 1169 2023 modo

209 2053 278 2108 inter
300 2066 330 2107 se
350 2049 491 2108 conmliari
513 2059 645 2124 possent,
670 2043 891 2124 intelligere157).
931 2050 961 2106 ln
982 2051 1170 2124 posteriorum

209 2144 360 2210 temporum
376 2133 500 2198 historia.
523 2152 584 2190 cunr
599 2143 655 2191 tam
674 2133 774 2190 multae
790 2142 899 2208 tamque
912 2133 1001 2190 variae
1018 2151 1063 2190 res
1077 2144 1170 2190 essent

206 2219 371 2282 narrandae,
394 2234 507 2291 quarum
529 2218 606 2274 initia
622 2219 651 2274 in
668 2216 736 2274 alios
757 2233 842 2274 annos
860 2226 942 2291 atqua
964 2217 1051 2274 exitus
1070 2217 1171 2275 incide·

206 2319 280 2366 nana,
295 2302 431 2359 interdum
449 2318 494 2358 eas
504 2313 551 2360 aut
562 2303 610 2358 uni
625 2311 673 2359 aut
683 2303 795 2376 utrique
805 2317 876 2358 anno
888 2301 1021 2375 adsignat.
1033 2310 1081 2358 aut
1096 2303 1172 2375 quod

206 2385 288 2443 aliter
304 2393 386 2460 atque
401 2394 527 2448 autores,
550 2385 648 2459 quibem
662 2394 738 2442 certo
754 2385 815 2442 loeo
830 2385 971 2448 utebatur.
988 2385 1169 2452 ordinaverat,

207 2487 235 2526 ιιι
259 2469 337 2528 aunis
357 2469 545 2544 computandis
567 2468 660 2544 lapsus
680 2476 731 2526 cst.
762 2468 806 2526 Sic
825 2468 992 2542 intempore
1007 2467 1123 2542 Sagunti
1136 2469 1171 2525 ab

206 2552 355 2611 Hannibale
380 2553 528 2627 expugnati
547 2569 576 2609 se
594 2569 653 2626 rpse
679 2553 706 2608 in
727 2551 826 2608 multas
850 2551 970 2627 implicat
985 2551 1169 2616 difficultates,

208 2639 280 2710 quod
296 2654 341 2694 res
356 2636 451 2694 eodem
465 2644 588 2710 tempore
602 2645 693 2710 gestas
709 2634 776 2692 alios
791 2643 901 2692 autores
915 2643 1024 2693 secutus
1039 2635 1093 2693 alie
1107 2635 1170 2694 loco

208 2721 261 2775 iam
281 2712 473 2794 exposuit¹⁵⁸).
521 2717 593 2786 Quae
613 2735 663 2792 per
689 2717 791 2776 bellum
817 2719 947 2795 Punicum
972 2720 1119 2778 secundum
1143 2721 1170 2776 in

208 2801 335 2876 Hispania
358 2811 422 2860 sunt
442 2809 501 2858 acta
524 2818 580 2858 uon
599 2811 672 2858 recte
695 2803 727 2858 ad
749 2802 876 2876 singulos
898 2819 984 2860 annos
1006 2803 1101 2860 retulit
1111 2797 1170 2876 159),

208 2948 412 2958 -ι--ι--ι-ι

277 3012 335 3077 154)
349 3015 398 3065 vid.
412 3015 451 3074 111,
464 3014 509 3072 17;
520 3015 599 3073 XXIX,
612 3013 645 3066 29
657 3030 708 3080 sqq.

278 3081 335 3145 155)
349 3082 374 3132 V.
388 3089 436 3132 not.
452 3079 508 3132 137.

278 3146 336 3211 156)
350 3149 494 3199 Lachmann.
508 3150 537 3206 tt,
548 3146 594 3205 96;
608 3146 664 3198 108.

277 3214 335 3278 157)
349 3213 586 3274 Lachmann.l‚103;
599 3211 751 3274 107311562
764 3215 881 3264 Brooclrer
893 3230 916 3278 p.
924 3213 1170 3282 noannoeane

209 3281 252 3330 Th.
265 3283 401 3334 Mommsen.
418 3283 523 3340 11111,
540 3279 590 3332 907
632 3297 653 3340 .;
676 3282 763 3333 chron.
778 3283 843 3332 Rom.
863 3279 911 3332 128
923 3297 973 3346 sq.;
989 3283 1016 3333 Α.
1030 3285 1170 3336 Mommsen.

210 3348 276 3397 Rom.
290 3350 371 3406 Daton,
383 3349 493 3398 Parchim
506 3346 572 3399 1856
583 3365 606 3414 p.
637 3348 653 3397 7
660 3363 667 3404 ;
685 3347 716 3398 31
730 3363 765 3412 sq.

279 3412 336 3476 158)
349 3416 407 3472 XXI,
422 3413 466 3470 15;
480 3415 624 3466 Lachmann.
636 3417 665 3472 11,
678 3412 720 3466 96.

278 3479 336 3544 159)
350 3481 400 3531 Vid.
413 3479 577 3540 xxvl1.7‚5;
597 3481 696 3538 xxvltt.
710 3479 741 3531 16
762 3481 794 3530 14
806 3483 860 3539 ι11.;
876 3483 968 3534 Becker
979 3485 1164 3548 Vorarbettenp
