2580 3954
223 211 288 276 248
363 225 458 267 00000
475 224 518 266 1v.
545 223 615 266 oar.
631 214 675 268 54.
690 215 734 269 55·
760 205 799 282 [0.
814 225 845 264 0.
861 225 886 264 0.
903 211 964 268 blo·
979 206 1042 280 346]

187 383 208 436 ³
224 374 381 436 tribunicia
398 374 515 433 comitia
526 371 654 433 sibinen
669 372 834 432 commissa.
866 388 933 432 eum
944 369 1078 431 dolorem
1092 386 1181 447 quae·

223 459 323 520 storiis
334 457 459 516 comitiis
469 454 695 524 simulostendit
706 461 735 514 et
745 453 804 515 ulta
817 463 877 525 est,
891 462 962 515 tunc
973 453 1104 532 primum
1118 452 1182 532 ple·

222 541 299 602 beiis
314 537 517 617 quaestoribus
532 539 653 608 creatis,
675 539 714 598 ita
730 545 762 597 ut
780 538 812 597 in
827 545 963 615 quattuor
978 536 1115 598 creandis
1128 538 1180 598 uni

223 625 348 704 patricio
363 622 398 683 ll.
415 621 507 682 Fabio
523 619 663 682 Ambusto
683 618 902 698 relinqueretur
917 620 1016 690 locus,
1036 627 1099 681 tres
1117 618 1180 696 ple·
1263 633 1264 642 ¹

222 708 273 770 bei
291 704 325 776 Q.
342 706 431 767 Silius
452 705 485 765 P.
502 704 601 765 llclius
618 704 650 764 P.
673 703 784 781 Pupius
805 702 1034 764 clarissimarum
1056 701 1179 763 familia·

126 777 290 857 *aerum
311 788 466 850 iuvenibus
486 789 718 864 praeferrentur.
748 795 884 848 auctores
903 787 994 847 luisse
1011 794 1072 846 tam
1093 784 1182 848 liberi

222 873 332 954 populo
360 871 490 948 suffragii
517 869 616 930 Icilios
644 871 772 948 accipio,
798 889 835 930 ex
857 869 966 931 familia
992 869 1182 930 infestissima

222 955 356 1036 patribus
367 963 429 1015 tres
442 955 473 1013 in
488 969 556 1014 eum
570 970 680 1013 annum
693 951 828 1013 tribunos
842 951 938 1031 plebis
954 959 1085 1020 creatos;
1104 985 1140 997 -
1160 955 1180 1012 ii

222 1037 381 1100 0101100000
401 1053 632 1114 magnarumque
652 1053 755 1098 rerum
780 1034 889 1098 molem
914 1036 1080 1098 avidissimo
1106 1035 1181 1096 adeo

186 1132 206 1184 0
221 1120 333 1201 populo
349 1128 529 1182 ostentantes
543 1137 612 1180 cum
626 1119 830 1180 adfirmassent
848 1118 922 1180 nibil
936 1138 969 1180 se
984 1127 1133 1189 moturos,
1157 1122 1181 1180 si

222 1224 260 1266 ne
276 1206 452 1283 quaestoriis
467 1204 586 1281 quidem
603 1204 744 1273 comitiis,
761 1220 835 1280 quae
851 1201 913 1264 sola
930 1204 1099 1281 promiscua
1117 1202 1180 1280 ple·

220 1288 271 1349 bei
293 1287 486 1368 patribusque
512 1286 680 1364 reliquisset
700 1297 833 1357 senatus,
861 1287 931 1347 30113
952 1287 1042 1346 animi
1068 1285 1180 1363 populo
1263 1344 1265 1350 .

185 1385 205 1437 11
222 1380 299 1434 03301
313 1372 351 1432 ad
366 1372 412 1442 id,
428 1370 508 1447 quod
521 1378 581 1431 tam
592 1371 643 1431 din
654 1369 763 1431 vellent
779 1377 809 1430 et
822 1367 971 1448 perleges
986 1368 1099 1430 liceret.
1123 1387 1181 1446 pro
1267 1365 1268 1418 l

220 1457 334 1533 ingenti
354 1457 454 1531 110000
469 1455 591 1514 victoria
607 1453 638 1513 id
656 1453 712 1513 fuit
731 1452 828 1531 plebi,
851 1460 1097 1530 quaesturamque
1116 1471 1181 1514 eam
1267 1459 1268 1479 ³

220 1556 282 1599 non
303 1538 425 1597 honoris
446 1538 538 1614 ipsius
563 1537 622 1596 1100
644 1534 851 1606 aestimabant,
880 1536 932 1597 sed
955 1535 1119 1614 patefactus
1145 1536 1182 1596 ad

221 1620 406 1682 consulatum
420 1638 454 1680 ac
469 1619 634 1697 triumphos
649 1618 732 1680 locus
743 1621 826 1680 novis
835 1617 1005 1680 hominibus
1017 1616 1180 1680 videbatur.

186 1723 205 1774 7
221 1714 320 1784 patres
335 1711 438 1764 contra
453 1721 514 1763 non
533 1720 589 1781 pro
604 1705 827 1765 communicatis
842 1703 894 1765 sed
914 1720 971 1781 pro
994 1703 1108 1763 amissis
1125 1700 1180 1763 ho·

220 1787 345 1848 0001103
359 1787 502 1855 fremere3
520 1803 643 1863 negare,
666 1787 691 1848 si
708 1806 742 1848 ea
757 1789 797 1847 ita
812 1789 883 1857 sint,
905 1785 1017 1848 liberos
1032 1785 1181 1848 tollendos

221 1889 300 1940 esse,
322 1872 374 1948 qui
391 1869 469 1948 pulsi
487 1872 632 1930 maiorum
644 1869 710 1930 loco
726 1880 942 1948 cernentesque
963 1869 1037 1931 alios
1057 1872 1089 1930 10
1110 1888 1178 1949 pos·

220 1957 352 2014 sessione
379 1953 527 2030 diguitatis
553 1970 623 2014 suae
646 1952 712 2014 salii
736 1953 928 2031 flaminesque
954 1971 1100 2030 nusquam
1121 1952 1179 2014 alio

220 2053 308 2113 quam
328 2037 364 2096 ad
387 2036 611 2096 sacrificandum
630 2055 686 2115 pro
707 2036 817 2115 populo
839 2038 903 2098 sine
917 2039 1053 2116 imperiis
1075 2055 1110 2097 ac
1125 2055 1180 2115 po·
1269 2093 1270 2116 ,

184 2118 371 2187 010310111οε
384 2119 599 2197 relinquantur.
632 2122 758 2181 inritatis
783 2121 1043 2198 utriusquepartis
1062 2121 1178 2190 animis,
1268 2123 1270 2132 '

219 2221 287 2262 cum
303 2211 332 2263 et
345 2203 465 2279 spiritus
479 2200 563 2278 plebs
574 2205 747 2281 sumpsisset
761 2213 790 2265 et
802 2212 863 2265 tres
875 2204 912 2264 ad
921 2203 1098 2282 popularem
1109 2222 1179 2264 000-
1269 2221 1270 2233 ’

218 2303 281 2345 sam
309 2282 497 2344 celeberrimi
521 2287 648 2346 nominis
673 2285 798 2368 haberet
823 2287 928 2357 duces,
954 2296 1052 2365 patres
1079 2288 1179 2348 omnia

218 2368 393 2443 quaestoriis
415 2368 556 2438 comitiis,
578 2368 630 2429 ubi
650 2377 807 2447 utrumque
826 2369 907 2448 plebi
926 2369 1044 2441 liceret,
1070 2369 1178 2432 similia

218 2450 283 2510 fore
302 2459 458 2512 cernentes
477 2452 600 2515 tendere
620 2453 657 2513 ad
675 2451 829 2514 consulum
846 2455 979 2524 comitia,
1006 2471 1081 2530 quae
1101 2470 1177 2513 non·

182 2532 287 2602 ndum
312 2535 482 2611 promiscua
509 2546 620 2604 essent;
655 2536 729 2597 Icilii
760 2547 863 2596 contra
887 2535 1024 2597 tribunos
1050 2536 1178 2598 militum

217 2617 362 2758 00000003
381 2617 496 2687 dicere,
518 2629 548 2679 et
560 2621 678 2680 tandem
697 2619 854 2697 aliquando
872 2620 1074 2698 inpertiendos
1093 2619 1177 2699 plebi

239 2717 357 2760 onores.

185 2798 198 2846 1
282 2783 340 2844 LV.
367 2784 424 2845 Sed
439 2783 519 2844 00110
532 2792 595 2844 erat
610 2784 773 2848 consularis
786 2787 878 2856 actio,
896 2803 985 2864 quam
995 2786 1177 2865 inpediendo

216 2866 247 2926 id
268 2867 348 2942 quod
369 2866 508 2943 petebant
528 2871 741 2945 exprimerent,
769 2887 837 2930 eum
859 2871 934 2930 mira
956 2871 1176 2949 opportunitate

216 2947 338 3009 Volscos
356 2957 384 3010 01
398 2951 514 3025 Aequos
527 2951 699 3028 praedatum
715 2961 797 3014 extra
817 2953 891 3015 fines
907 2955 1003 3014 exisse
1018 2954 1049 3013 in
1071 2971 1176 3030 agrum
1269 2997 1270 3000 ,

181 3045 199 3093 a
216 3031 353 3093 Latinum
369 3031 589 3111 Hernicumque
603 3035 743 3096 adfertur.
774 3036 810 3096 ad
833 3036 912 3112 quod
931 3035 1043 3098 bellum
1059 3036 1111 3097 ubi
1137 3055 1177 3098 ex

215 3123 335 3178 senatus
349 3115 482 3176 00030110
498 3116 633 3179 00030103
649 3118 788 3180 dilectum
807 3118 919 3182 habere
933 3121 1100 3198 occipiunt,
1120 3119 1175 3180 ob-

216 3208 296 3260 stare
312 3208 383 3260 tunc
396 3201 482 3262 enixe
492 3199 619 3271 tribuni,
635 3201 691 3262 sibi
705 3201 846 3281 plebique
855 3221 921 3264 earn
931 3203 1081 3264 fortunam
1092 3202 1175 3263 obla-

181 3291 198 3342 0
215 3291 275 3342 tam
294 3292 500 3344 memorantes.
527 3292 590 3345 tres
609 3291 693 3345 erant
713 3293 742 3346 et
763 3303 865 3346 omnes
886 3288 1025 3347 acerrimi
1044 3287 1100 3346 viri
1122 3303 1175 3363 ge·

214 3369 374 3442 neroslque
388 3368 447 3426 iam
465 3375 496 3426 ut
510 3368 587 3427 inter
600 3367 742 3445 plebeios.
771 3368 830 3429 duo
844 3369 954 3446 singuli
970 3368 1101 3446 singulos
1114 3367 1175 3430 sibi

215 3447 354 3509 consules
373 3448 570 3510 adservandos
588 3449 707 3511 adsidua
724 3470 814 3530 opera
832 3452 1002 3522 desumunt,
1028 3452 1081 3513 uni
1099 3467 1174 3512 con·
