2534 3956
240 233 337 278 aaran
352 235 396 276 vr.
424 233 495 276 cnr.
510 225 554 278 li.
568 226 611 280 ts.
627 215 665 298 [a.
682 216 716 278 O.
728 219 856 295 aba-381]
964 226 1026 288 335

68 381 215 444 coloniam
232 379 336 461 populi
350 379 476 442 Romani
490 383 682 461 pertinaciter
701 401 717 444 a
735 383 848 446 colonis
863 384 1022 457 defensam,

68 468 96 527 ri
118 471 337 545 expugnarunt,
362 463 506 544 foedeque
520 465 553 525 ln
577 467 670 544 captis
687 484 846 530 exercuere
862 469 1022 530 victoriam.

67 568 139 612 eam
150 566 215 611 rem
234 564 322 625 aegra
337 548 416 626 passi
425 547 551 610 Romani
561 547 598 610 M.
611 549 735 609 Furium
745 549 898 611 Camillum
909 557 1023 614 sextum
1040 567 1058 620 b

66 632 219 693 tribunum
236 631 362 692 militum
382 647 530 692 creavere.
559 631 648 692 additi
671 631 801 711 collegae
816 635 848 694 d.
867 639 896 696 et
918 634 950 694 L.
967 635 1023 695 Po·

65 717 168 778 stumii
179 713 363 792 Regillenses
378 731 412 774 ac
427 714 460 776 L.
476 715 584 776 Furius
597 733 665 776 cum
679 715 712 776 L.
727 715 865 778 Lucretio
880 718 918 778 ll.
930 717 1022 778 Fabio

65 798 216 863 Ambusto.
240 796 378 859 Vulsaum
396 796 506 858 bellum
518 798 555 858 M.
568 797 657 860 Furio
673 805 755 878 extra
773 801 908 862 ordinem
919 800 1022 863 deere-
1040 813 1057 865 6

66 889 137 943 tum.
171 882 288 942 adiutor
303 899 340 944 ex
356 879 483 942 omunia
505 887 586 943 sorte
603 882 635 942 L.
649 881 757 944 Furius
777 883 863 944 datur
884 901 945 944 non
962 891 1022 946 tam

65 984 82 1026 a
100 963 278 1045 republica,
296 981 384 1041 quam
394 970 429 1025 ut
442 963 573 1042 collegae
586 966 709 1027 materia
723 965 760 1027 ad
774 983 892 1029 omnem
903 967 1021 1030 laudem

64 1056 142 1110 esset
168 1054 198 1110 et
221 1047 356 1128 publice,
383 1047 462 1126 quod
486 1065 551 1108 rem
578 1049 743 1110 temeritate
770 1051 832 1110 eius
852 1049 1021 1130 prolapsam

63 1133 207 1201 restituit,
226 1138 254 1192 et
271 1130 424 1209 privatim,
442 1131 521 1206 quod
537 1148 574 1190 ex
591 1147 694 1192 errore
705 1133 828 1208 gratiam
841 1133 940 1210 potius
958 1136 1021 1194 eius
1136 1205 1140 1209 ἢ

62 1198 121 1276 sibi
139 1231 226 1292 quam
244 1231 327 1274 suam
343 1212 466 1290 gloriam
485 1213 577 1290 petiit.

124 1297 251 1357 Exactae
268 1298 327 1356 iam
343 1297 445 1358 aetatis
461 1295 599 1357 Camillus
623 1302 701 1365 erat,
722 1297 907 1376 comitiisque
921 1299 1020 1362 iurare
1037 1320 1053 1372 7

61 1385 167 1463 parato
181 1375 221 1438 ¹in
243 1377 334 1440 verba
359 1378 542 1440 excusandae
568 1377 726 1440 valetudini
747 1379 832 1441 solita
858 1399 1019 1445 consensus

61 1463 166 1544 poprdi
180 1463 346 1524 restiterat:
364 1461 416 1524 sed
431 1470 566 1541 uegetum
579 1464 731 1540 ingenium
747 1465 779 1524 in
790 1464 885 1526 vivido
898 1461 1020 1546 pectore

61 1546 195 1624 vigebat,
219 1544 390 1624 virebatque
407 1546 531 1624 integris
548 1545 696 1618 sensibus,
720 1555 750 1610 et
775 1547 873 1612 olviles
893 1549 953 1610 iam
969 1567 1018 1612 res

59 1630 141 1690 haud
155 1646 336 1708 magnopere
356 1627 514 1690 obeuntem
524 1627 603 1691 bella
617 1629 791 1692 excitabant.
824 1639 962 1710 quattuor
976 1633 1018 1694 le·
1035 1643 1053 1696 8

60 1713 200 1793 gionibus
222 1720 399 1792 qrrateraum
416 1712 530 1772 milium
551 1715 686 1792 scriptis,
708 1715 839 1774 exercitu
857 1714 967 1776 indicto
982 1716 1018 1777 ad

59 1803 179 1875 portam
193 1795 376 1874 Esquilinam
393 1795 424 1863 in
440 1801 590 1873 posteram
607 1797 700 1867 dem,
725 1796 763 1857 ad
783 1797 930 1860 Satricum
948 1817 1018 1878 pro·

60 1880 166 1940 iectus.
194 1879 237 1938 ibi
253 1896 320 1940 eum
332 1885 548 1956 expugnatores
563 1879 697 1942 coloniae
708 1879 1017 1962 haudquaquam'per·

59 1961 153 2032 culsi,
167 1962 292 2023 ridentes
306 1960 432 2022 militum
453 1978 594 2033 numero,
616 1979 674 2039 quo
690 1962 871 2042 aliquantum
885 1970 1017 2042 praesta·

58 2045 147 2114 bant,
166 2044 406 2124 opperiebantur.
439 2052 595 2124 postquam
610 2048 849 2125 appropinouaro
869 2049 1018 2110 Romanos
1034 2059 1053 2112 a

58 2135 232 2198 senserunt,
264 2128 411 2208 extemplo
433 2129 465 2188 in
486 2130 579 2190 aciem
601 2131 768 2208 procedunt
789 2131 862 2190 nihil
889 2131 1015 2202 dilaturi,

59 2212 134 2290 quin
147 2210 313 2290 periculum
327 2229 459 2273 summae
473 2229 574 2274 rerum
592 2213 738 2272 lacerent:
755 2215 794 2272 ita
809 2217 948 2292 paucitati
962 2215 1016 2275 bo·

58 2297 150 2357 stium
166 2296 239 2356 nihil
256 2301 335 2356 artes
350 2296 537 2373 imperatoris
554 2296 650 2364 unici,
674 2293 781 2372 quibus
802 2296 872 2358 solis
888 2298 1016 2360 conlide-

59 2386 140 2444 rent.
156 2381 326 2458 profuturas
343 2397 417 2441 esse.

123 2461 224 2524 Xlllll.
257 2463 339 2525 ldem
354 2463 443 2523 ardor
465 2469 495 2522 et
513 2462 545 2518 in
560 2460 692 2521 Romano
708 2461 841 2522 exercitu
855 2469 919 2523 erat
936 2469 965 2524 et
984 2466 1014 2523 in
1034 2475 1049 2524 1

58 2543 157 2606 altero
171 2545 261 2614 duce,
276 2562 333 2604 neo
347 2544 512 2622 praesentis
521 2541 717 2604 dimicationis
731 2544 880 2605 fortunam
895 2543 954 2605 ulla
968 2563 1017 2607 res

56 2634 270 2707 praeterquam
282 2627 369 2686 unius
386 2625 446 2701 (riri
464 2625 619 2686 consilium
637 2633 724 2705 alque
740 2628 897 2706 imperium
917 2645 1013 2698 mora-

55 2711 163 2780 batur,
178 2712 229 2788 qui
240 2711 425 2772 occasionem
431 2709 624 2770 iuvandarum
634 2711 749 2772 ratione
757 2711 863 2772 virium
870 2711 1012 2773 trahendo

55 2792 139 2854 bello
160 2792 330 2872 (maerebat.
365 2810 401 2855 eo
423 2794 515 2870 magis
541 2793 634 2854 hostis
654 2794 777 2864 instare,
803 2811 860 2855 nec
881 2797 939 2856 iam
959 2813 1014 2874 pro
1032 2816 1048 2864 2

55 2878 164 2939 castris
175 2885 287 2939 lantum
298 2878 360 2938 suis
378 2875 526 2956 explicaro
544 2878 650 2949 aciem,
666 2876 717 2938 sed
731 2878 894 2956 procedere
909 2879 940 2940 in
952 2897 1012 2940 me·

55 2959 141 3022 dium
158 2963 269 3040 campi,
290 2967 320 3022 ct
333 2960 408 3022 vallo
426 2979 520 3040 prope
535 2960 664 3022 hostium
681 2963 765 3040 signa
787 2961 943 3024 inferendo
963 2980 1011 3024 su·

53 3043 183 3125 perham
206 3045 342 3107 liduciam
361 3047 467 3104 virium
488 3049 645 3107 ostentare.
685 3045 716 3105 id
738 3062 827 3123 aegre
846 3047 1012 3125 patiebatur
1029 3057 1048 3110 3

53 3128 209 3190 Romanus
227 3128 325 3199 miles,
344 3129 437 3190 mullo
454 3129 571 3206 aegrius
585 3128 660 3190 aller
677 3147 713 3190 ex
727 3128 855 3190 tribunis
876 3129 1010 3200 militum,

54 3214 91 3273 1..
107 3213 229 3282 Furius,
251 3213 337 3274 lerox
351 3229 418 3274 oum
438 3218 532 3274 aetate
549 3217 579 3272 et
594 3212 713 3290 ingenio
733 3219 797 3272 tum
817 3210 1013 3273 multitudinis

55 3312 96 3358 ex
113 3296 310 3366 incertissimo
322 3297 463 3358 sumentis
479 3297 592 3357 animos
610 3314 663 3375 spe
679 3295 806 3357 inflatus.
838 3295 887 3356 hio
903 3313 960 3374 per
977 3314 1010 3358 se
1028 3302 1043 3350 ⁴

53 3383 117 3444 iam
134 3380 241 3444 milites
255 3381 390 3441 incitatos
400 3380 525 3458 insuper
540 3377 698 3458 instigabat
708 3377 863 3450 elevando,
881 3397 938 3460 qua
952 3397 1010 3440 una

54 3470 191 3545 poterat,
206 3469 301 3526 aelate
312 3463 515 3524 anctoritatem
528 3462 673 3540 collegae,
690 3459 843 3526 iuvenibus
854 3461 932 3525 bella
944 3463 1009 3524 data
