2534 3956
194 207 259 270 296
389 221 485 262 bruun
500 221 530 262 v.
553 220 622 260 car.
637 211 680 264 39.
697 210 739 262 40.
752 263 754 266 ,
767 196 807 279 [a.
823 219 853 258 u.
872 221 898 260 c.
916 197 978 275 aot]

192 368 276 430 baud
290 367 416 428 multum
436 368 495 429 diei
508 373 678 445 supererat,
700 373 767 427 aute
782 375 901 427 noctem
915 367 970 426 rati
980 384 1014 426 se
1032 368 1157 428 invasu·

196 470 263 521 ros;
279 461 342 512 tum
359 453 390 512 in
404 458 523 512 noctem
538 450 662 512 dilatum
678 449 833 510 consilium
849 469 928 519 esse,
944 467 1003 527 quo
1017 447 1087 527 plus
1103 469 1159 528 pam

158 538 274 596 svoris
289 536 450 603 inferreut;
474 541 624 612 postremo
639 533 691 594 lux
710 533 951 612 adpropinquans
972 534 1153 594 exanimare.
1231 570 1232 575 κ

195 621 355 695 timorique
369 625 514 696 perpetuo
525 618 624 696 ipsum
640 616 751 678 malum
768 618 924 678 continens
938 616 1008 686 fuit,
1030 634 1101 676 curn
1115 621 1156 677 si·
1230 640 1243 709 Ἀ

194 721 252 781 gna
263 703 370 763 infesta
386 703 481 779 portis
494 708 563 762 sunt
577 700 675 761 inlata.
704 717 890 778 nequaquam
901 705 1000 761 tamen
1015 717 1051 760 ea
1066 708 1156 761 nocte

194 805 292 864 neque
303 787 471 862 insequenti
485 785 533 845 die
544 784 647 845 similis
662 783 719 854 illi,
736 802 811 862 quae
827 785 864 844 ad
875 782 969 844 Aliam
977 789 1037 842 tam
1048 783 1157 860 pavide

159 884 177 935 a
194 871 328 946 fugerat,
351 870 452 928 civitas
470 868 533 927 fuit.
563 885 632 926 nam
653 885 721 927 oum
735 867 855 928 defendi
871 866 975 928 urbem
989 884 1079 944 posse
1093 875 1158 926 tam

195 970 284 1030 parva
304 950 408 1011 relicta
428 968 517 1010 rnanu
538 968 606 1028 spes
628 949 708 1010 nulla
724 957 816 1020 esset,
840 949 951 1029 placuit
967 967 1034 1008 cum
1050 951 1155 1009 coniu-

194 1034 280 1112 gibus
302 1051 337 1094 ac
359 1033 461 1093 liberis
481 1034 663 1094 iuventutern
682 1032 840 1094 militarem
859 1041 1037 1110 senatusque
1058 1031 1154 1093 robur
1249 1023 1250 1038 ¹

145 1136 177 1186 ιο
194 1121 224 1178 in
244 1135 345 1178 arcem
360 1109 595 1195 Capitoliumque
611 1117 776 1178 concedere
791 1118 941 1194 armisque
957 1123 986 1177 et
1001 1115 1154 1176 frumento
1251 1128 1252 1152 ¹

194 1201 311 1262 conlato
330 1220 366 1262 ex
386 1199 453 1261 loco
474 1201 544 1262 inde
562 1201 676 1260 munito
698 1200 768 1261 deos
789 1199 983 1278 hominesque
1001 1205 1032 1259 et
1044 1197 1155 1259 Roma·
1252 1239 1254 1284 ¹,

146 1303 175 1354 11
195 1303 266 1346 num
281 1301 389 1346 nomen
414 1284 587 1352 defendere,
607 1283 757 1344 flaminem
772 1284 1001 1359 sacerdotesque
1021 1281 1158 1344 Vestales
1253 1287 1254 1308 l

194 1386 279 1431 sacra
294 1367 414 1445 publica
430 1387 448 1440 a
471 1367 576 1435 caede,
599 1367 635 1427 ab
654 1367 799 1428 incendiis
815 1365 920 1446 procul
937 1366 1074 1435 auferre,
1097 1384 1156 1428 nec
1254 1404 1255 1409 κ

195 1460 262 1513 ante
286 1452 383 1512 deseri
402 1450 514 1510 cultum
534 1468 636 1510 eorum
651 1468 738 1528 quam
753 1467 813 1511 non
831 1455 1023 1529 superessent
1038 1450 1090 1528 qui
1105 1467 1157 1510 co·

145 1550 177 1602 12
193 1534 299 1596 lerent.
331 1536 358 1594 si
376 1552 429 1593 arx
445 1533 695 1611 Capitoliumque,
718 1535 805 1595 sedes
819 1535 962 1604 deorum,
983 1534 1010 1594 si
1023 1539 1160 1604 senatus

194 1623 284 1695 caput
298 1615 411 1694 publici
427 1616 555 1685 consilii,
573 1617 599 1677 si
612 1616 749 1678 militaris
766 1619 903 1678 iuventus
915 1615 1097 1695 superfuerit
1109 1618 1158 1676 in·

194 1701 319 1761 minenti
341 1701 445 1761 ruinae
467 1699 567 1769 urbis,
597 1699 714 1762 facilem
734 1703 878 1762 iacturam
901 1719 966 1762 esse
990 1700 1158 1771 seniorum,

145 1791 177 1843 13
194 1784 316 1845 relictae
340 1785 371 1843 in
391 1783 467 1845 urbe
481 1785 583 1860 utique
604 1786 756 1863 periturae
774 1783 887 1846 turbae.
925 1791 955 1844 et
974 1801 1033 1861 quo
1055 1783 1088 1844 id
1104 1803 1157 1844 ae·
1260 1801 1261 1810 ¹

194 1869 299 1946 quiore
316 1869 413 1927 animo
430 1867 466 1928 de
483 1867 571 1944 plebe
588 1867 745 1928 multitudo
760 1869 868 1936 ferret,
886 1885 973 1929 senes
990 1867 1157 1944 triumpha·
1237 1871 1239 1879 ’
1262 1935 1263 1942 p

193 1949 237 2012 les
253 1950 483 2028 consularesque
499 1949 586 2011 simul
607 1970 640 2012 se
655 1950 797 2013 cumillis
819 1950 917 2031 palam
938 1950 1038 2012 dicere
1055 1949 1155 2012 obitu·

192 2052 244 2095 ros
259 2052 316 2095 uec
330 2034 376 2094 bis
390 2033 580 2111 corporibus,
595 2033 702 2112 quibus
717 2053 778 2094 non
792 2052 874 2095 arma
888 2034 984 2104 ferre,
999 2051 1059 2094 non
1075 2036 1156 2094 tueri

191 2120 319 2196 patriam
333 2125 470 2196 possent,
487 2127 661 2180 oneraturos
677 2120 808 2196 inopiam
823 2125 1014 2179 armatorum.

160 2213 174 2265 1
257 2200 316 2261 XL.
346 2201 426 2260 Haec
440 2203 519 2260 inter
532 2201 667 2261 seniores
677 2204 766 2262 morti
783 2201 945 2263 destinatos
959 2203 1065 2262 iactata
1075 2199 1158 2262 sola-

192 2286 248 2344 cia.
277 2295 381 2343 versae
402 2282 471 2342 inde
487 2283 708 2361 adhortationes
724 2284 761 2345 ad
779 2302 884 2362 agmen
901 2285 1055 2353 iuvenum,
1078 2301 1156 2362 quos

191 2369 223 2426 in
238 2365 414 2444 Capitolium
433 2373 521 2444 atque
536 2369 567 2426 in
582 2385 682 2426 arcem
702 2367 977 2446 prosequebantur,
1000 2384 1157 2428 commen·

191 2450 295 2510 dantes
324 2450 424 2510 virtuti
447 2469 550 2510 eorum
576 2451 770 2527 iuventaeque
800 2451 897 2521 urbis,
925 2469 981 2528 per
1001 2457 1159 2512 trecentos

191 2533 343 2610 sexaginta
359 2551 453 2593 annos
470 2532 608 2594 omnibus
624 2532 711 2594 bellIs
725 2535 869 2604 victricis,
886 2551 1091 2613 quaecumque
1103 2551 1157 2594 re-

157 2628 175 2675 a
192 2616 271 2694 liqua
290 2623 367 2678 esset
387 2617 515 2676 fortuna.
548 2615 866 2695 digredientibus,·qui
879 2636 962 2696 spem
975 2633 1093 2678 onmem
1108 2625 1156 2676 at·

192 2718 250 2779 que
265 2717 353 2777 opem
371 2718 474 2761 secum
489 2699 639 2770 ferebant,
666 2700 702 2760 ab
717 2701 780 2770 his,
805 2701 857 2779 qui
874 2708 978 2780 captae
992 2699 1074 2761 urbis
1089 2719 1159 2761 non

157 2793 175 2844 3
192 2801 350 2861 superesse
364 2790 530 2844 statuerant
547 2785 649 2854 exitio,
672 2802 740 2844 cum
754 2785 819 2863 ipsa
833 2803 883 2846 res
898 2786 1072 2864 speciesque
1096 2785 1156 2844 mi·

190 2865 328 2926 serabilis
345 2873 426 2935 erat,
443 2873 506 2925 tum
517 2866 671 2928 muliebris
686 2867 773 2928 fletus
789 2876 819 2928 et
830 2869 1018 2930 concursatio
1035 2869 1155 2928 incerta

193 2966 271 3008 cunc
286 2949 341 3008 bos
356 2966 435 3008 nunc
451 2948 518 3009 illos
538 2953 725 3028 sequentium
738 2953 987 3030 rogitantiumque
1004 2953 1081 3012 viros
1098 2968 1156 3011 na·

98 3075 100 3080 -
191 3042 312 3110 tosque,
336 3033 382 3092 cui
397 3051 429 3093 se
443 3031 503 3092 fato
524 3033 643 3104 darent,
666 3033 740 3093 nibil
760 3035 839 3111 quod
857 3035 996 3096 humanis
1012 3051 1156 3112 superes·

156 3127 174 3176 4
191 3125 237 3177 set
251 3115 336 3176 malis
351 3115 569 3194 relinquebant.
598 3134 705 3195 magna
721 3135 792 3196 pars
809 3125 908 3180 tamen
930 3137 1032 3180 earum
1053 3119 1085 3176 iu
1102 3135 1155 3177 ar·

193 3218 257 3261 ceni
282 3218 352 3261 suos
376 3209 550 3278 persecutae
571 3208 640 3261 sunt
658 3219 715 3262 nec
737 3201 916 3280 probibente
936 3201 997 3262 ullo
1017 3219 1075 3261 nec
1100 3218 1155 3259 vo·

193 3289 294 3352 cante,
314 3283 397 3360 quia,
419 3284 497 3362 quod
512 3283 584 3344 utile
599 3284 727 3345 obsessis
742 3284 779 3346 ad
800 3285 990 3347 minuendam
1008 3283 1155 3348 inbellem

156 3379 175 3428 tt
193 3364 427 3437 multitudinem,
441 3367 472 3426 id
482 3386 588 3445 parum
598 3367 762 3429 humanum
778 3375 850 3431 erat.
881 3368 937 3429 alla
948 3369 1074 3428 maxime
1086 3365 1155 3444 ple-

193 3446 240 3508 bis
252 3447 354 3518 turba,
377 3467 465 3526 quam
479 3469 535 3512 noc
554 3469 662 3530 capere
676 3461 736 3512 mm
752 3454 875 3530 exiguus
890 3449 974 3513 collis
992 3469 1048 3511 nec
1068 3449 1155 3512 alere
