2572 3956
315 211 411 253 rueme
427 211 462 254 11.
489 211 560 255 cur.
578 203 622 257 23.
640 203 683 258 tt.
710 194 750 270 [a.
766 191 801 253 O.
817 183 879 268 495]
1036 195 1077 258 85

116 375 175 422 sua
197 358 471 436 deformitatemque
493 357 588 420 aliam.
620 359 694 420 haec
713 377 745 420 se
770 358 891 420 meritos
913 358 1012 419 dicere
1027 375 1076 420 ex·
1097 369 1127 424 11

120 441 300 523 probrautes
320 459 403 502 suam
424 443 549 520 quisque
572 441 647 504 alius
668 440 739 503 alibi
754 439 904 509 militiam;
926 439 1076 519 postulare

120 525 213 587 multo
232 526 387 586 minaciter
407 527 501 603 tnagis
518 543 606 603 quam
625 524 813 605 suppliciter,
829 532 862 585 ut
878 532 1011 606 senatum
1026 543 1076 584 ro-

120 616 238 680 carent,
253 610 431 685 -curiamque
445 610 502 687 ipsi
522 610 614 670 luturi
629 608 734 669 arbitri
747 608 1008 686 moderatoresque
1021 627 1076 686 pu·

119 692 192 755 huet
206 691 322 754 consilii
338 693 565 754 circumsistunt.
588 693 676 771 pauci
693 691 850 753 admodum
860 699 985 770 patrum,
1003 709 1076 769 quos
1096 707 1127 758 12

120 794 208 839 casus
227 774 389 846 obtulerat,
413 777 557 838 contracti
577 775 613 837 ab
637 773 821 845 consulibus;
847 785 960 838 ceteros
980 783 1076 836 metus

119 877 183 921 uon
208 861 290 920 curia
314 858 402 920 modo
421 859 473 922 sed
497 861 585 921 etiam
598 860 665 920 loro
682 857 810 921 arcebat.
841 877 897 920 nec
923 861 969 938 agi
995 861 1075 936 quic·

119 961 209 1022 quam
224 961 278 1022 per
292 943 521 1020 infrequentiam
534 951 650 1030 pqterat
668 951 796 1005 senatus.
828 950 891 1005 tum
909 962 978 1004 vero
998 941 1077 1004 eludi
1097 962 1127 1016 13

120 1034 209 1104 atque
232 1025 346 1088 extrahi
364 1044 397 1088 se
419 1025 573 1088 multitudo
597 1034 716 1106 putare,
738 1036 766 1088 et
786 1035 904 1104 patrum
925 1029 976 1104 qui
990 1026 1076 1088 abes·
1142 1043 1145 1050 ·

118 1117 203 1181 sent,
217 1127 278 1172 uon
294 1126 379 1181 casu,
394 1127 455 1170 nou
469 1117 563 1180 metu,
580 1110 632 1172 sed
647 1109 841 1188 inpediendae
855 1112 901 1172 rei
919 1127 1006 1172 eausa
1025 1108 1075 1170 ab·

120 1211 202 1263 esse,
226 1200 256 1256 et
273 1191 410 1256 eonsules
430 1195 511 1273 ipsos
534 1195 738 1272 tergiversari,
760 1211 815 1256 uec
836 1193 925 1257 dubie
946 1193 1075 1254 ludibrio

120 1295 186 1340 esse
199 1277 333 1358 miserias
348 1294 425 1338 suas.
454 1278 513 1337 iarn
529 1295 623 1357 prope
640 1284 718 1347 erat,
742 1283 825 1338 utne
842 1277 996 1339 consulum
1011 1278 1075 1354 qui·
1097 1295 1127 1346 lt

120 1359 189 1422 dem
204 1362 340 1422 maiestas
361 1367 516 1423 coerceret
529 1362 590 1422 iras
605 1359 773 1432 hominum,
789 1378 857 1421 oum
874 1362 996 1431 incerti,
1013 1379 1076 1422 mo·

120 1442 214 1504 raudo
232 1461 270 1504 au
284 1443 430 1506 veniendo
446 1443 513 1524 plus
528 1444 654 1523 periculi
672 1443 896 1516 contraherent,
912 1444 1030 1506 tandem
1045 1446 1075 1504 in

120 1533 254 1588 senatum
274 1529 409 1596 reniunt;
433 1527 641 1606 frequentique
665 1527 783 1589 tandem
808 1531 889 1590 ouria
906 1546 966 1590 uon
986 1528 1075 1589 modo

119 1609 200 1672 inter
216 1617 315 1690 patres
327 1608 379 1672 sed
394 1627 432 1672 ne
448 1611 526 1672 inter
541 1611 678 1673 consules
690 1611 809 1689 quidem
823 1613 904 1691 ipsos
919 1613 989 1674 satis
1004 1629 1075 1674 con·

119 1691 264 1756 ueniebat.
294 1693 415 1773 Appius
431 1693 612 1756 vehementis
625 1696 737 1774 ingenii
752 1697 811 1766 vir,
829 1697 954 1774 imperio
969 1711 1074 1757 consu·
1096 1701 1126 1752 lo

119 1775 176 1838 lari
193 1795 257 1840 rem
273 1776 417 1856 agendam
431 1777 584 1840 censebat:
606 1796 667 1841 uuo
682 1786 732 1840 aut
747 1778 838 1840 altero
855 1779 977 1859 adrepto
993 1781 1075 1856 quie·

119 1867 203 1922 turos
219 1859 309 1930 alios3
328 1859 487 1931 Serulius,
504 1860 622 1924 lenibus
636 1861 775 1926 remediis
787 1865 898 1942 aptior,
915 1865 1076 1923 concitatos

48 2001 50 2010 .
119 1944 233 2086 palmos
257 1943 336 2006 lleotl
358 1961 446 2021 quam
472 1943 569 2022 frangi
591 1944 711 2024 putabat
731 1963 797 2006 cum
818 1947 908 2006 tutius
922 1953 984 2006 tum
1004 1945 1075 2005 lael·

141 2044 177 2088 us
196 2045 269 2088 esse.

182 2109 281 2170 XXIV.
312 2109 392 2172 Inter
411 2111 487 2174 haec
505 2111 600 2173 maior
621 2109 695 2172 alius
715 2118 829 2172 terror:
851 2111 947 2172 Latini
964 2113 1076 2189 equites
1096 2124 1109 2176 1

120 2211 188 2254 cum
206 2189 386 2255 tumultuoso
410 2193 547 2256 advolant
571 2196 689 2264 nuntio,
717 2194 838 2258 Volscos
859 2195 964 2258 infesto
991 2213 1077 2256 exer·

119 2278 180 2337 citu
194 2276 231 2337 ad
246 2274 351 2339 urbem
370 2276 597 2357 oppuguandam
611 2277 721 2338 venire.
751 2296 827 2355 quae
841 2278 938 2339 audita
952 2312 987 2323 -
1002 2278 1076 2340 adeo

119 2359 194 2421 duas
210 2377 246 2421 ex
261 2376 321 2420 uua
342 2361 457 2422 civitate
476 2359 623 2422 discordia
638 2360 752 2420 lecerat
768 2394 803 2405 -
820 2360 909 2438 longe
925 2361 1010 2424 aliter
1024 2379 1075 2440 pa·

119 2451 182 2505 tres
195 2460 230 2502 ac
249 2440 368 2521 plebem
387 2442 533 2505 adiecere.
567 2442 699 2504 exultare
713 2443 819 2520 gaudio
834 2442 945 2521 plebis,
964 2443 1077 2504 ultores
1093 2457 1110 2505 2

120 2522 278 2604 superbiae
299 2531 416 2603 patrum
436 2525 538 2586 adesse
553 2525 654 2586 dicere
670 2526 750 2586 deos.
774 2525 848 2588 alius
864 2526 954 2586 alium
969 2527 1075 2586 confir·

119 2626 211 2680 mare,
226 2627 265 2670 ne
280 2609 400 2668 nomina
416 2608 611 2678 carenacum
628 2606 765 2670 omnihus
780 2611 878 2687 potius
893 2625 982 2685 quam
997 2609 1076 2670 solos

119 2693 278 2773 perituros.
300 2698 400 2770 patres
414 2690 584 2762 militarent,
599 2697 699 2770 patres
716 2709 796 2751 arma
812 2699 962 2771 caperent,
978 2699 1010 2753 ut
1024 2711 1075 2770 pe·

120 2779 174 2836 nes
190 2774 308 2836 eosdem
322 2774 455 2854 pericula
469 2772 550 2846 belli,
565 2792 658 2853 penes
671 2791 746 2851 quos
762 2777 894 2853 praemia
911 2782 1018 2837 essent.
1048 2780 1077 2834 at
1093 2780 1110 2834 8

121 2875 191 2920 vero
212 2859 294 2919 curia
315 2865 426 2919 maesta
449 2877 483 2919 ao
500 2859 616 2937 trepida
634 2858 754 2935 ancipiti
777 2866 857 2920 metu
874 2866 903 2920 et
916 2857 953 2918 ab
969 2859 1031 2920 cive
1048 2864 1078 2920 et

121 2939 159 3002 ab
178 2939 262 3004 hoste
280 2941 437 3004 Servilium
452 2939 620 3013 consulem,
643 2943 690 3003 cul
707 2942 858 3020 ingenium
873 2961 919 3002 ma
942 2943 965 3004 's
980 2958 1074 3021 popu·

121 3022 184 3086 lare
198 3031 276 3098 erat,
292 3043 393 3096 orare,
409 3032 443 3087 ut
456 3027 543 3088 tantis
560 3027 789 3086 circumventam
804 3028 910 3087 terror·
955 3045 969 3086 s
987 3037 1075 3103 expe·

121 3108 197 3170 diret
218 3126 283 3170 rem
304 3107 462 3188 publicam.
492 3116 555 3170 tum
569 3106 672 3169 consul
689 3109 778 3168 misso
797 3116 900 3170 senatu
915 3111 947 3168 iu
962 3110 1075 3168 contio·
1094 3121 1109 3168 a

120 3209 190 3254 nem
204 3191 312 3272 prodit,
339 3191 382 3252 lbi
402 3209 491 3255 curae
510 3210 574 3255 esse
590 3189 723 3270 patribus
739 3193 874 3264 ostendit,
891 3199 924 3252 ut
941 3191 1075 3253 consula·

120 3281 168 3336 tur
186 3273 277 3354 plebi.
308 3282 441 3338 ceterum
456 3274 663 3337 deliberationi
687 3273 724 3335 de
738 3276 863 3336 maxima
881 3275 1000 3352 quidem
1015 3275 1074 3346 illa,

121 3358 172 3420 sed
186 3366 286 3420 tamen
307 3365 390 3438 parte
405 3359 543 3429 civitatis,
561 3365 672 3419 metum
687 3375 742 3436 pro
757 3359 893 3420 universa
908 3376 941 3419 re
956 3357 1074 3436 publica

121 3443 323 3506 interuenisse.
353 3455 409 3504 neo
425 3460 529 3521 posse,
546 3458 613 3502 eum
630 3441 730 3502 hostes
750 3459 844 3520 prope
860 3442 896 3502 ad
911 3449 1011 3520 portas
1029 3459 1074 3502 es·
1091 3445 1108 3496 t
