2522 3954
208 234 292 282 nx1v
387 233 435 280 DE
457 233 529 282 'I'l'l'l
553 233 640 280 nlvn
662 233 745 281 VITA
766 233 811 282 ΕΤ
832 231 998 284 somnum.

209 407 331 465 novaque
353 407 461 466 semper
475 393 566 452 earum
584 399 720 462 momenta
735 392 916 466 proteruntur
929 399 957 449 et
973 393 1013 450 ita
1030 391 1170 452 illustran-

210 485 263 538 tur,
279 483 310 532 ut
325 474 421 550 plenae
432 483 460 532 et
475 475 612 550 perfectae
628 475 759 549 imagines
770 475 964 550 exprimantur.
981 493 1048 551 quae
1065 486 1094 535 et
1107 495 1170 553 pcr-

209 558 354 634 spicuitate
371 558 495 633 placeant
513 567 540 615 et
558 558 639 616 altius
663 561 692 616 in
708 567 826 618 mentem
851 567 1005 634 penetrent.
1036 561 1108 618 Fons
1123 579 1170 619 au·

210 653 263 700 tem
279 643 337 700 eius
354 650 398 700 est
414 642 580 700 admirabilis
595 651 624 700 et
638 643 798 700 inexhauste
810 643 957 718 ingeniilet
972 644 1105 702 orationis
1121 647 1170 708 vis,

208 743 342 802 nusquam
365 726 423 785 tere
445 727 473 784 in
497 735 573 784 tanta
594 726 728 786 librorum
750 725 822 786 mole
839 726 1003 792 lteboecena,
1024 729 1051 784 in
1075 746 1170 786 omncs

209 817 301 886 partes
315 810 466 875 versatilis,
488 812 521 868 ad
536 829 581 869 res
597 809 794 870 diversissimas
809 811 913 886 pariter
929 821 1000 886 apta,
1017 813 1046 868 in
1062 811 1170 871 leviori·

208 896 259 953 bus
276 902 424 970 temperata
445 903 474 954 et
492 894 666 959 auloniissior,
684 895 765 952 altius
783 894 933 970 adsurgens
947 903 976 954 et
992 895 1108 954 sublime
1125 915 1170 954 so·

208 995 276 1036 nans
291 978 319 1035 in
334 978 470 1053 gravibus.
502 979 535 1036 Et
550 979 616 1037 haec
634 978 742 1053 quidem
756 979 932 1037 adiciebatur
944 980 1025 1038 etiarn
1046 989 1074 1037 et
1089 997 1170 1054 auge
1250 1021 1251 1042 i

153 1105 154 1108 ,
208 1061 289 1120 batur
304 1079 346 1126 eo,
362 1062 532 1136 quodLirius
545 1070 578 1120 ut
592 1064 723 1121 iuratum
738 1062 846 1121 delectu
860 1064 898 1120 ita
912 1064 940 1120 in
955 1064 1088 1121 orationis
1102 1081 1170 1138 quo·

210 1162 263 1221 que
277 1145 365 1204 launna
384 1164 417 1204 en
433 1147 469 1204 iis
484 1147 679 1222 scriptoribus.¹
698 1146 797 1220 quibus
812 1164 872 1204 crun
895 1146 1010 1205 maxime
1031 1147 1169 1212 utebatur,

209 1230 356 1305 pendebat,
375 1239 404 1288 et
418 1229 503 1288 mrdta
523 1248 556 1287 ex
571 1231 605 1288 iis
620 1229 753 1288 cumbet.
782 1230 847 1288 Nam
864 1247 938 1295 cum,
954 1230 981 1288 id
998 1231 1071 1305 quod
1086 1248 1170 1306 supra

208 1315 311 1372 dictum
325 1322 376 1379 eet,
392 1315 474 1372 modo
488 1314 619 1389 perlectis
632 1316 680 1379 iis,
697 1329 766 1389 quae
782 1315 916 1372 narranda
930 1323 1015 1378 erem,
1030 1331 1079 1372 sua
1096 1333 1170 1373 com·
1250 1331 1251 1352 t

209 1406 333 1474 poneret,
349 1406 385 1461 et.
401 1399 472 1472 quod
488 1398 618 1473 exemplis
630 1399 783 1456 etiamnunc
797 1399 909 1474 probari
920 1406 1022 1473 potest,
1033 1399 1170 1456 interdum

209 1479 277 1538 nihil
292 1487 394 1554 ageret,
412 1481 465 1538 nisi
478 1489 510 1538 ut
526 1483 626 1538 evitata
641 1481 786 1539 verborum
798 1489 827 1539 et
841 1483 1076 1546 constructionum
1091 1500 1169 1557 aspe-

209 1564 291 1621 ritate
300 1573 328 1622 ct
342 1562 488 1623 insolentie
500 1565 590 1640 aptius
599 1565 751 1624 orationem
760 1566 980 1624 eoniormemttt
992 1559 1170 1640 mnnetffli),
1250 1629 1251 1638 χ

211 1646 268 1706 lieri
286 1663 341 1706 non
357 1647 456 1722 potuit,
474 1649 540 1724 quin
556 1658 584 1707 et
596 1649 678 1708 rerba
695 1649 782 1708 multa
795 1659 825 1707 et
841 1651 986 1708 verborum
1000 1649 1171 1708 coniunctio·
1250 1647 1251 1688 l

210 1748 259 1789 nes
275 1741 357 1807 atque
372 1733 521 1790 sententias
534 1742 562 1791 et
576 1734 709 1792 orationis
725 1734 858 1808 quondm
865 1733 986 1793 colorem
999 1751 1032 1791 ex
1046 1733 1171 1792 lontibus

210 1816 267 1874 stris
283 1815 413 1874 traheret.
446 1817 539 1892 Neque
558 1826 646 1876 tannen
662 1826 751 1876 totum
766 1835 795 1876 se
812 1818 958 1876 imitationi
973 1818 1056 1882 dedit,
1072 1818 1121 1876 sed
1136 1819 1170 1876 eh

210 1899 265 1958 illis
280 1899 454 1975 suppeditata
468 1902 507 1959 ita
521 1902 554 1960 ad
568 1919 647 1966 autam
662 1917 749 1978 genua
767 1902 872 1960 dicendi
890 1909 918 1960 et
932 1919 1011 1960 suurn
1031 1902 1171 1977 ingenium

210 1984 345 2042 revocavit
366 1993 393 2042 ct
414 1987 635 2050 accommodavit,
658 1994 689 2045 ut
704 1987 785 2044 etiem
806 1986 839 2043 ab
856 1986 916 2044 aliis
932 1986 1019 2062 petita
1034 2002 1083 2044 aua
1098 1987 1171 2044 iacta

210 2068 274 2126 sint.
322 2066 351 2124 ld
382 2067 410 2124 in
441 2069 475 2126 iis
501 2071 625 2144 partibus
656 2070 769 2129 maxime
800 2071 981 2146 conspicitur.
1011 2069 1058 2128 uiri
1089 2069 1167 2146 Poly·

210 2151 285 2208 bium
302 2150 438 2216 adhibuit.
458 2169 490 2210 cx
505 2171 561 2226 quo
582 2154 703 2228 quamue
716 2154 788 2212 haud
802 2172 887 2230 pauca
904 2156 941 2214 ita
957 2154 1117 2229 sumpserit.
1138 2163 1171 2211 ut

213 2243 316 2292 tanturn
331 2236 572 2310 interpretaretur,
593 2236 681 2295 multo
697 2237 776 2314 plura
791 2246 881 2296 teman
901 2246 949 2296 ant
963 2237 1108 2296 verborum
1122 2247 1173 2295 aut

210 2335 303 2375 rerum
319 2319 413 2376 ordine
427 2327 545 2384 mutato,
568 2319 629 2378 aliis
645 2322 752 2380 omissis
768 2321 842 2386 aliis,
860 2339 928 2398 quae
943 2321 1051 2380 aliunde
1063 2321 1170 2397 petivit,

212 2401 310 2459 additis
325 2402 363 2460 ita
377 2403 519 2468 convertit,
537 2412 565 2462 et
579 2423 611 2464 er
624 2405 738 2464 duania
755 2406 897 2464 autoribus
916 2404 1030 2465 collecte
1045 2406 1083 2462 ita
1097 2405 1171 2462 inter

212 2503 241 2542 se
257 2485 393 2560 copularit
410 2488 481 2545 etin
496 2489 726 2553 unumconllavit.
742 2499 773 2546 ut
788 2490 830 2545 vix
845 2489 951 2549 vincula
967 2498 996 2547 et
1012 2489 1172 2547 commissu·

212 2586 258 2627 rae
271 2579 427 2645 appareant,
442 2573 585 2647 omniaque
598 2591 654 2630 uno
668 2574 773 2632 dicendi
787 2589 887 2648 genere
898 2572 1169 2649 comprehendantur.

213 2653 266 2710 Sed
278 2654 306 2709 in
321 2661 396 2711 tanta
409 2657 537 2714 materiae
551 2659 681 2714 varietate
696 2667 725 2715 et
738 2664 854 2733 propter
867 2674 958 2716 rerum
973 2666 1021 2715 aut
1035 2656 1171 2732 magnitu-

213 2736 302 2792 dinem
320 2744 368 2794 aut
388 2739 546 2798 tenuitatem
566 2742 785 2816 scriptorumque
806 2749 853 2799 aut
867 2742 1020 2800 ubertatem
1034 2750 1082 2798 aut
1095 2740 1167 2798 erili·

214 2827 298 2876 tatem
321 2821 420 2878 mirum
443 2839 503 2881 esse
526 2840 581 2883 non
604 2833 710 2900 potest,
737 2827 810 2900 quod
831 2826 963 2885 orationis
985 2826 1026 2883 ris
1048 2833 1076 2883 et
1091 2824 1169 2900 copia

214 2919 269 2959 non
292 2904 324 2960 ad
350 2921 443 2962 ornnes
462 2908 565 2980 pariter
587 2917 679 2983 partes
698 2911 826 2985 pertinet.
876 2908 921 2969 Sic
940 2911 968 2967 in
990 2909 1079 2985 primo
1098 2907 1170 2966 libro

215 2985 299 3044 multa
319 2988 424 3052 insunt,
450 2990 593 3066 inquibus
618 2993 675 3050 lere
693 2993 817 3068 poeticus
838 2994 913 3051 nitor
929 2985 1101 3066 eminet¹⁹⁴);
1119 2992 1171 3049 alin

216 3153 409 3165 —n—-u———m--q

283 3235 341 3302 193)
355 3239 406 3290 vid.
419 3240 494 3291 Peteri
506 3248 655 3291 commentat
669 3241 711 3291 das
722 3241 866 3293 lerhtltniss
879 3243 920 3292 des
932 3242 1011 3292 Livius
1023 3243 1070 3293 und
1083 3243 1171 3304 ltionp·

215 3305 264 3354 slus
276 3319 304 3355 zu
316 3306 428 3357 einander
438 3307 486 3357 und
499 3323 527 3358 nn
538 3309 584 3358 dan
601 3309 690 3359 tlteren
699 3311 834 3362 Annalisten
846 3310 943 3360 dnclrm
958 3307 1022 3360 toea
1039 3325 1062 3374 p.
1075 3309 1092 3358 5
1104 3324 1170 3374 sqq.;

216 3371 314 3421 tileriril
331 3372 347 3422 l.
360 3387 384 3422 n.
398 3370 447 3422 llo
458 3375 490 3431 l.;
505 3375 584 3425 Hertz.
597 3391 620 3439 p.
634 3375 693 3426 XXl.

323 3436 342 3494 'l
359 3438 393 3488 lte
405 3440 492 3490 rectius
503 3441 643 3492 Niebulrius
654 3443 683 3493 ll.
696 3443 723 3493 R.
736 3445 759 3502 l,
771 3441 834 3500 o19;
851 3443 901 3494 153
912 3457 947 3507 sq.
961 3443 1053 3493 ridetur
1063 3443 1170 3493 lndirrre

346 3511 428 3556 stetten
440 3507 524 3558 llelsen
541 3510 566 3557 in
584 3509 622 3557 dic
640 3509 784 3561 elrssisehcn
797 3511 922 3572 Gegenden
940 3510 1011 3560 Rome
1023 3511 1045 3567 l,
1057 3507 1107 3559 226
1117 3525 1170 3574 sq.;
