2572 3956
275 230 370 274 nunna
386 235 421 274 n.
432 265 434 270 .
446 233 516 279 une.
531 225 575 280 ts.
591 225 635 281 49.
657 214 699 302 [a.
715 216 750 279 G.
765 227 827 282 tte.
841 217 904 300 tte]
1007 227 1066 286 111

117 390 226 444 taeat.“
255 383 366 458 gratiae
380 383 515 460 ingentes
530 390 621 444 antee.
658 382 761 447 consul
773 399 801 446 ‘a
813 407 817 415 ¹
828 386 911 446 ouria
932 393 1069 463 egressus
1088 400 1122 452 tn

118 467 271 530 eomitante
292 465 453 527 Fabiorum
474 467 605 544 agmine,
630 469 681 546 qui
698 467 888 530 investibulo
906 471 1007 530 euriae
1020 489 1069 532 se·

115 557 199 612 natus
208 549 383 610 ¹consultum
396 555 583 628 expectantes
597 555 753 622 steterant,
772 552 892 613 domum
908 553 992 613 redit.
1007 553 1068 614 ius·

114 636 139 694 ei
153 633 258 694 armen
277 640 398 711 postero
416 633 464 695 dio
484 632 522 694 ad
541 632 633 698 limen
655 634 785 699 consulis
810 635 922 698 adesse.
965 637 1068 698 domos

115 717 182 778 inde
197 715 362 778 discedunt.

127 855 128 858 ,
172 799 270 862 xuni
301 800 469 862 blanattota
485 800 560 862 urbe
574 817 693 873 rumor,
708 799 815 863 Fabios
829 803 867 864 ad
878 802 992 864 eaelum
1005 801 1068 864 iau·
1088 815 1109 869 ι’

114 883 199 946 dibus
210 885 324 946 ierunt:
338 883 480 945 familiam
491 903 581 947 unam
593 884 710 948 subisse
722 887 846 950 cunnus
856 903 946 958 onus,
962 887 1068 949 Veiens

114 967 224 1030 beilum
236 969 266 1028 in
278 969 420 1046 privatam
432 986 543 1039 euram,
559 969 590 1028 in
601 969 712 1048 privata
725 987 808 1030 uma
818 986 946 1032 versum.
973 971 1069 1032 sisini
1085 985 1102 1036 t

113 1053 189 1114 datae
202 1051 320 1112 roboris
333 1051 464 1114 eiusdem
470 1052 506 1113 -in
517 1051 592 1113 urbe
604 1060 717 1130 gentes,
738 1054 899 1134 deposcant
914 1053 988 1116 baao
999 1053 1067 1116 Vol·

112 1155 180 1200 aeos
193 1133 260 1205 sibi,
275 1133 324 1195 illa
341 1135 475 1214 Aequos,
490 1135 601 1215 populo
615 1135 748 1198 Romano
762 1135 952 1216 tranquillam
964 1155 1067 1216 pacem

112 1226 217 1298 agente
237 1233 341 1281 omnes
360 1219 499 1281 finitimos
521 1219 618 1296 subigi
634 1219 761 1299 populos
779 1234 877 1299 posse.
912 1219 996 1282 Fabii
1014 1237 1067 1300 po·

112 1314 190 1367 stera
207 1303 255 1366 die
271 1320 353 1364 arma
368 1304 503 1381 capiunt,
518 1318 577 1382 quo
592 1303 664 1364 iussi
679 1309 766 1364 erant
782 1304 970 1365 conveniunt.
996 1321 1067 1380 oon·
1084 1317 1102 1372 3

112 1387 158 1450 sul
175 1385 331 1466 paludatus
347 1387 502 1465 egrediens
516 1388 548 1446 in
562 1383 708 1450 vestibulo
721 1395 839 1466 gentem
854 1394 973 1450 omnem
985 1405 1068 1449 suam

112 1475 255 1532 instructo
275 1471 392 1548 agmine
413 1471 505 1540 viden
529 1469 668 1549 aeoepnus
688 1471 719 1531 in
742 1472 873 1534 medium
895 1472 979 1552 signa
994 1472 1068 1534 terri

112 1553 203 1616 iubet.
240 1571 400 1632 numquam
424 1555 570 1616 exereitus
586 1571 684 1634 noque
708 1556 806 1618 minor
827 1573 953 1618 nurnero
970 1573 1068 1635 neque
1089 1620 1092 1625 ,

111 1638 221 1700 olarios
235 1637 312 1698 iama
328 1637 561 1700 etadmiratione
574 1638 729 1700 bominum
745 1655 800 1718 per
810 1639 918 1702 urbem
931 1641 1066 1700 incessit:

111 1741 164 1784 sax
179 1726 208 1782 et
223 1721 289 1784 CCC
303 1720 423 1792 milites,
449 1740 552 1784 omnes
571 1723 704 1801 patricii,
726 1739 830 1785 omnes
852 1725 940 1784 unius
963 1724 1102 1800 gentian

111 1821 239 1884 qnorum
253 1807 402 1867 neminem
420 1805 525 1868 ducem
542 1823 716 1884 sperneres,
733 1807 871 1884 egregius
888 1805 1068 1885 quibuslibet

43 1921 48 1932 ·
110 1887 295 1967 temporibus
308 1896 436 1960 senatus,
454 1889 552 1960 ibant,
572 1891 661 1950 unius
679 1889 808 1951 lamiliaa
829 1889 940 1950 vitibus
955 1890 1069 1950 Veienti

110 1971 222 2053 populo
237 1980 351 2052 pestem
365 1973 541 2034 minitantes.
562 1972 742 2052 sequebatur
755 1971 851 2043 turba,
870 1974 991 2052 propria
1013 1971 1068 2033 alia
1086 1988 1104 2039 n

112 2062 305 2134 cognatorum
324 2056 543 2135 sodaliumque,
566 2055 642 2116 nibil
660 2057 805 2127 medium,
826 2073 884 2118 neo
905 2074 988 2135 spem
1012 2074 1069 2117 neo

111 2158 230 2219 euram,
254 2139 307 2202 sed
324 2140 462 2202 inmensa
485 2140 583 2200 omnia
604 2139 783 2202 volventium
802 2141 917 2212 animo,
939 2139 995 2201 alia
1013 2157 1069 2219 pn·

110 2223 190 2286 blioa
206 2223 404 2286 sollieitudine
418 2224 552 2293 excitata,
564 2221 666 2284 lavore
680 2228 710 2282 et
727 2221 920 2286 admiratione
937 2233 1068 2303 stupens.

110 2311 157 2368 ire
174 2307 281 2378 tonas,
303 2308 349 2369 ina
362 2306 464 2369 ieliees
478 2304 596 2376 iubent,
616 2303 742 2383 inoaptis
758 2311 878 2366 eventus
893 2325 980 2383 pares
1001 2307 1069 2368 rod·
1086 2309 1105 2359 δ

111 2391 201 2457 dere:
217 2391 386 2452 oonsnlatus
399 2391 469 2451 inde
480 2407 515 2451 ao
526 2386 708 2465 uiumpbos,
725 2389 823 2448 omnia
834 2389 965 2466 praeuia
977 2386 1013 2448 ab
1026 2407 1069 2458 se,

111 2487 216 2533 omues
232 2468 362 2531 bonores
383 2487 514 2548 sperare.
549 2469 808 2548 praetereuntibus
828 2469 1003 2548 Capitolium
1023 2474 1104 2532 tir-⁷

111 2571 236 2633 comque
251 2560 281 2614 at
293 2553 350 2614 alia
364 2551 483 2632 templa,
505 2553 647 2632 quidquid
662 2553 787 2614 deorum
802 2553 910 2622 oeulis,
928 2553 1071 2632 quidquid

110 2639 211 2698 animo
227 2638 374 2707 oneumit,
389 2643 564 2716 precantur,
579 2635 701 2698 utillud
716 2653 823 2714 agmen
837 2637 967 2698 faustum
982 2645 1070 2716 atque

110 2718 183 2782 felix
198 2721 329 2792 mittunt,
345 2721 471 2798 sospites
490 2719 573 2781 brevi
592 2722 623 2780 in
637 2721 764 2799 patriam
777 2720 814 2781 ad
830 2728 969 2799 parentes
983 2722 1070 2782 resti·

110 2810 205 2864 tuant„
234 2805 265 2864 in
280 2819 396 2866 cassum
410 2805 516 2865 missae
533 2821 648 2882 prenae.
676 2802 787 2866 infelici
802 2805 863 2875 na,
879 2803 983 2866 dextro
998 2804 1070 2864 lano

111 2896 217 2966 portae
233 2885 423 2951 Carmentalis
448 2889 574 2966 proiecti
590 2887 627 2948 ad
647 2889 816 2950 &emeram
832 2888 943 2950 tlumen
966 2905 1071 2967 perne·

110 2971 208 3032 ninut
229 2972 255 3032 ie
274 2977 459 3050 opportunus
476 2973 555 3033 visus
568 2971 653 3034 loeus
668 2973 896 3034 communiendo
909 2971 1068 3052 praesidio.

164 3054 209 3116 L.
229 3054 371 3117 Aemilius
396 3055 466 3117 indo
493 3055 738 3118 etC.Se1·vilius
763 3054 900 3116 eonsules
925 3055 1004 3116 iacti.
1042 3060 1106 3117 ott

111 3137 210 3200 donee
224 3137 298 3200 nibil
313 3138 393 3200 aliud
407 3155 496 3216 quam
508 3139 540 3199 in
553 3137 795 3217 populationibus
806 3155 857 3200 res
871 3138 942 3208 iuuit,
959 3153 1020 3196 non
1032 3137 1069 3198 ad

110 3222 295 3299 praesidium
306 3223 395 3282 modo
409 3223 564 3284 tutandum
575 3221 658 3283 l'abii
672 3222 742 3284 satis
753 3228 852 3293 erent,
870 3221 923 3283 sed
941 3225 1002 3281 tota
1021 3239 1070 3282 re·

110 3304 218 3381 ginno
233 3323 290 3384 qua
310 3306 424 3368 Tuscus
441 3323 512 3385 agor
526 3305 660 3370 Romano
674 3303 801 3376 adisset,
816 3323 868 3366 sua
882 3312 944 3366 tuta
961 3305 1069 3376 omunia,

74 3404 76 3410 ·
107 3387 219 3450 infesta
233 3388 363 3452 bostium
380 3397 517 3469 vagantes
533 3407 588 3469 pet·
606 3396 765 3469 utrumque
781 3389 870 3450 linem
885 3390 994 3452 iecere.
1023 3389 1070 3448 in·
1089 3388 1122 3440 1⁰

107 3469 268 3534 musabum
277 3473 384 3535 deinde
397 3472 477 3540 baud
492 3491 632 3554 magnum
655 3472 897 3553 populationibus
911 3471 987 3543 tuta·
999 3472 1070 3534 dum

146 3569 156 3596 Ι
