<?xml version="1.0" encoding="UTF-8"?>
<!DOCTYPE html PUBLIC "-//W3C//DTD XHTML 1.0 Transitional//EN"
    "http://www.w3.org/TR/xhtml1/DTD/xhtml1-transitional.dtd">
<html xmlns="http://www.w3.org/1999/xhtml" xml:lang="en" lang="en">
 <head>
  <title>
</title>
<meta http-equiv="Content-Type" content="text/html;charset=utf-8" />
  <meta name='ocr-system' content='tesseract 3.04.00' />
  <meta name='ocr-capabilities' content='ocr_page ocr_carea ocr_par ocr_line ocrx_word'/>
</head>
<body>
  <div class='ocr_page' id='page_1' title='image "./aburbeconditali01rossgoog_0222.png"; bbox 0 0 2572 3956; ppageno 0'>
   <div class='ocr_carea' id='block_1_1' title="bbox 230 213 1044 292">
    <p class='ocr_par' dir='ltr' id='par_1_1' title="bbox 230 213 1044 292">
     <span class='ocr_line' id='line_1_1' title="bbox 230 213 1044 292; baseline 0.004 -18"><span class='ocrx_word' id='word_1_1' title='bbox 230 222 271 284; x_wconf 77' lang='lat'><strong>82</strong></span> <span class='ocrx_word' id='word_1_2' title='bbox 368 233 463 276; x_wconf 78' lang='lat' dir='ltr'><strong>menn</strong></span> <span class='ocrx_word' id='word_1_3' title='bbox 480 233 516 278; x_wconf 88' lang='lat'><strong>11.</strong></span> <span class='ocrx_word' id='word_1_4' title='bbox 550 231 621 275; x_wconf 76' lang='lat' dir='ltr'><strong>cnr.</strong></span> <span class='ocrx_word' id='word_1_5' title='bbox 636 223 680 276; x_wconf 80' lang='lat'><strong>20.</strong></span> <span class='ocrx_word' id='word_1_6' title='bbox 698 224 740 276; x_wconf 78' lang='lat'><strong>21.</strong></span> <span class='ocrx_word' id='word_1_7' title='bbox 773 214 856 291; x_wconf 71' lang='lat' dir='ltr'><strong>[mn.</strong></span> <span class='ocrx_word' id='word_1_8' title='bbox 874 234 898 272; x_wconf 90' lang='lat' dir='ltr'><strong>c.</strong></span> <span class='ocrx_word' id='word_1_9' title='bbox 914 213 1044 292; x_wconf 68' lang='lat' dir='ltr'><strong>ies-2591</strong></span> 
     </span>
    </p>
   </div>
   <div class='ocr_carea' id='block_1_2' title="bbox 198 379 1185 548">
    <p class='ocr_par' dir='ltr' id='par_1_2' title="bbox 198 379 1185 548">
     <span class='ocr_line' id='line_1_2' title="bbox 198 379 1185 458; baseline -0.007 -12"><span class='ocrx_word' id='word_1_10' title='bbox 198 397 214 446; x_wconf 81' lang='lat'><strong>7</strong></span> <span class='ocrx_word' id='word_1_11' title='bbox 232 381 332 446; x_wconf 79' lang='lat' dir='ltr'><strong>exules</strong></span> <span class='ocrx_word' id='word_1_12' title='bbox 349 381 483 443; x_wconf 85' lang='lat' dir='ltr'><strong>caedunt.</strong></span> <span class='ocrx_word' id='word_1_13' title='bbox 515 380 557 441; x_wconf 91' lang='lat' dir='ltr'><strong>ibi</strong></span> <span class='ocrx_word' id='word_1_14' title='bbox 571 379 628 440; x_wconf 82' lang='lat' dir='ltr'><strong>elis</strong></span> <span class='ocrx_word' id='word_1_15' title='bbox 642 381 720 442; x_wconf 88' lang='lat' dir='ltr'><strong>inter</strong></span> <span class='ocrx_word' id='word_1_16' title='bbox 733 397 876 458; x_wconf 78' lang='lat' dir='ltr'><strong>proceres</strong></span> <span class='ocrx_word' id='word_1_17' title='bbox 891 385 991 439; x_wconf 79' lang='lat' dir='ltr'><strong>coortu</strong></span> <span class='ocrx_word' id='word_1_18' title='bbox 1007 395 1115 456; x_wconf 87' lang='lat' dir='ltr'><strong>pugna.</strong></span> <span class='ocrx_word' id='word_1_19' title='bbox 1129 379 1185 440; x_wconf 88' lang='lat' dir='ltr'><strong>im·</strong></span> 
     </span>
     <span class='ocr_line' id='line_1_3' title="bbox 230 461 1185 548; baseline -0.005 -21"><span class='ocrx_word' id='word_1_20' title='bbox 230 473 351 548; x_wconf 80' lang='lat' dir='ltr'><strong>perator</strong></span> <span class='ocrx_word' id='word_1_21' title='bbox 366 465 494 534; x_wconf 78' lang='lat' dir='ltr'><strong>Latinus,</strong></span> <span class='ocrx_word' id='word_1_22' title='bbox 509 463 562 524; x_wconf 86' lang='lat' dir='ltr'><strong>ubi</strong></span> <span class='ocrx_word' id='word_1_23' title='bbox 574 462 887 525; x_wconf 82' lang='lat' dir='ltr'><strong>cohortemerulume</strong></span> <span class='ocrx_word' id='word_1_24' title='bbox 898 461 1040 523; x_wconf 71' lang='lat' dir='ltr'><strong>dictatore</strong></span> <span class='ocrx_word' id='word_1_25' title='bbox 1050 461 1185 524; x_wconf 76' lang='lat' dir='ltr'><strong>liemare</strong></span> 
     </span>
    </p>
   </div>
   <div class='ocr_carea' id='block_1_3' title="bbox 231 544 1266 630">
    <p class='ocr_par' dir='ltr' id='par_1_3' title="bbox 231 544 1266 630">
     <span class='ocr_line' id='line_1_4' title="bbox 231 544 1266 630; baseline -0.009 -17"><span class='ocrx_word' id='word_1_26' title='bbox 231 568 326 630; x_wconf 85' lang='lat' dir='ltr'><strong>prope</strong></span> <span class='ocrx_word' id='word_1_27' title='bbox 340 551 569 610; x_wconf 73' lang='lat' dir='ltr'><strong>circumventum</strong></span> <span class='ocrx_word' id='word_1_28' title='bbox 584 547 669 617; x_wconf 83' lang='lat' dir='ltr'><strong>vidit,</strong></span> <span class='ocrx_word' id='word_1_29' title='bbox 688 565 726 608; x_wconf 79' lang='lat' dir='ltr'><strong>en</strong></span> <span class='ocrx_word' id='word_1_30' title='bbox 751 544 934 608; x_wconf 69' lang='lat' dir='ltr'><strong>subsidiariis</strong></span> <span class='ocrx_word' id='word_1_31' title='bbox 946 544 1116 622; x_wconf 68' lang='lat' dir='ltr'><strong>manipules</strong></span> <span class='ocrx_word' id='word_1_32' title='bbox 1132 545 1186 606; x_wconf 86' lang='lat' dir='ltr'><strong>eli·</strong></span> <span class='ocrx_word' id='word_1_33' title='bbox 1265 547 1266 550; x_wconf 75' lang='grc'>’</span> 
     </span>
    </p>
   </div>
   <div class='ocr_carea' id='block_1_4' title="bbox 185 629 1188 1546">
    <p class='ocr_par' dir='ltr' id='par_1_4' title="bbox 198 629 1186 879">
     <span class='ocr_line' id='line_1_5' title="bbox 198 629 1186 712; baseline -0.005 -17"><span class='ocrx_word' id='word_1_34' title='bbox 198 643 215 695; x_wconf 81' lang='lat'><strong>8</strong></span> <span class='ocrx_word' id='word_1_35' title='bbox 233 641 304 712; x_wconf 89' lang='lat' dir='ltr'><strong>quot</strong></span> <span class='ocrx_word' id='word_1_36' title='bbox 323 633 355 692; x_wconf 91' lang='lat' dir='ltr'><strong>in</strong></span> <span class='ocrx_word' id='word_1_37' title='bbox 370 633 496 710; x_wconf 78' lang='lat' dir='ltr'><strong>primum</strong></span> <span class='ocrx_word' id='word_1_38' title='bbox 514 632 610 692; x_wconf 82' lang='lat' dir='ltr'><strong>eciem</strong></span> <span class='ocrx_word' id='word_1_39' title='bbox 628 647 731 692; x_wconf 90' lang='lat' dir='ltr'><strong>secum</strong></span> <span class='ocrx_word' id='word_1_40' title='bbox 747 631 835 707; x_wconf 87' lang='lat' dir='ltr'><strong>rupit.</strong></span> <span class='ocrx_word' id='word_1_41' title='bbox 863 629 919 690; x_wconf 88' lang='lat' dir='ltr'><strong>hos</strong></span> <span class='ocrx_word' id='word_1_42' title='bbox 930 631 1049 706; x_wconf 80' lang='lat' dir='ltr'><strong>egmisre</strong></span> <span class='ocrx_word' id='word_1_43' title='bbox 1066 631 1186 690; x_wconf 85' lang='lat' dir='ltr'><strong>venien·</strong></span> 
     </span>
     <span class='ocr_line' id='line_1_6' title="bbox 231 713 1182 792; baseline -0.008 -12"><span class='ocrx_word' id='word_1_44' title='bbox 231 729 277 780; x_wconf 83' lang='lat' dir='ltr'><strong>tes</strong></span> <span class='ocrx_word' id='word_1_45' title='bbox 302 716 336 777; x_wconf 97' lang='grc' dir='ltr'><strong>Τ.</strong></span> <span class='ocrx_word' id='word_1_46' title='bbox 356 715 526 776; x_wconf 76' lang='lat' dir='ltr'><strong>Herminius</strong></span> <span class='ocrx_word' id='word_1_47' title='bbox 548 713 663 792; x_wconf 74' lang='lat' dir='ltr'><strong>legetis</strong></span> <span class='ocrx_word' id='word_1_48' title='bbox 686 715 877 792; x_wconf 84' lang='lat' dir='ltr'><strong>conspicatus</strong></span> <span class='ocrx_word' id='word_1_49' title='bbox 901 714 1038 789; x_wconf 83' lang='lat' dir='ltr'><strong>interque</strong></span> <span class='ocrx_word' id='word_1_50' title='bbox 1063 729 1115 775; x_wconf 88' lang='lat' dir='ltr'><strong>eos</strong></span> <span class='ocrx_word' id='word_1_51' title='bbox 1139 714 1182 772; x_wconf 92' lang='lat' dir='ltr'><strong>in·</strong></span> 
     </span>
     <span class='ocr_line' id='line_1_7' title="bbox 233 796 1186 879; baseline -0.005 -18"><span class='ocrx_word' id='word_1_52' title='bbox 233 803 347 879; x_wconf 87' lang='lat' dir='ltr'><strong>signem</strong></span> <span class='ocrx_word' id='word_1_53' title='bbox 365 806 445 858; x_wconf 86' lang='lat' dir='ltr'><strong>veste</strong></span> <span class='ocrx_word' id='word_1_54' title='bbox 461 799 612 876; x_wconf 72' lang='lat' dir='ltr'><strong>armisque</strong></span> <span class='ocrx_word' id='word_1_55' title='bbox 627 796 788 858; x_wconf 77' lang='lat' dir='ltr'><strong>ldrmiliemr</strong></span> <span class='ocrx_word' id='word_1_56' title='bbox 810 796 960 858; x_wconf 72' lang='lat' dir='ltr'><strong>noscitans</strong></span> <span class='ocrx_word' id='word_1_57' title='bbox 976 803 1060 864; x_wconf 73' lang='lat' dir='ltr'><strong>demto</strong></span> <span class='ocrx_word' id='word_1_58' title='bbox 1075 797 1106 856; x_wconf 74' lang='lat' dir='ltr'><strong>ei</strong></span> <span class='ocrx_word' id='word_1_59' title='bbox 1124 811 1186 856; x_wconf 84' lang='lat' dir='ltr'><strong>me·</strong></span> 
     </span>
    </p>

    <p class='ocr_par' dir='ltr' id='par_1_5' title="bbox 199 878 1188 1211">
     <span class='ocr_line' id='line_1_8' title="bbox 199 878 1187 959; baseline 0 -17"><span class='ocrx_word' id='word_1_60' title='bbox 199 892 216 942; x_wconf 76' lang='lat' dir='ltr'><strong>u</strong></span> <span class='ocrx_word' id='word_1_61' title='bbox 233 886 306 953; x_wconf 88' lang='lat' dir='ltr'><strong>iore,</strong></span> <span class='ocrx_word' id='word_1_62' title='bbox 319 899 406 959; x_wconf 85' lang='lat' dir='ltr'><strong>quern</strong></span> <span class='ocrx_word' id='word_1_63' title='bbox 417 879 505 958; x_wconf 87' lang='lat' dir='ltr'><strong>peulc</strong></span> <span class='ocrx_word' id='word_1_64' title='bbox 514 888 581 942; x_wconf 82' lang='lat' dir='ltr'><strong>ente</strong></span> <span class='ocrx_word' id='word_1_65' title='bbox 592 883 732 958; x_wconf 62' lang='lat' dir='ltr'><strong>ungimur</strong></span> <span class='ocrx_word' id='word_1_66' title='bbox 744 882 885 957; x_wconf 88' lang='lat' dir='ltr'><strong>equitum,</strong></span> <span class='ocrx_word' id='word_1_67' title='bbox 894 879 1099 941; x_wconf 76' lang='lat' dir='ltr'><strong>emndrestium</strong></span> <span class='ocrx_word' id='word_1_68' title='bbox 1111 878 1187 942; x_wconf 82' lang='lat' dir='ltr'><strong>duce</strong></span> 
     </span>
     <span class='ocr_line' id='line_1_9' title="bbox 233 962 1187 1047; baseline -0.004 -19"><span class='ocrx_word' id='word_1_69' title='bbox 233 965 380 1047; x_wconf 86' lang='lat' dir='ltr'><strong>proelium</strong></span> <span class='ocrx_word' id='word_1_70' title='bbox 393 964 467 1033; x_wconf 83' lang='lat' dir='ltr'><strong>iniit,</strong></span> <span class='ocrx_word' id='word_1_71' title='bbox 478 971 515 1025; x_wconf 74' lang='lat' dir='ltr'><strong>ed</strong></span> <span class='ocrx_word' id='word_1_72' title='bbox 524 971 558 1026; x_wconf 80' lang='lat' dir='ltr'><strong>et</strong></span> <span class='ocrx_word' id='word_1_73' title='bbox 572 982 635 1024; x_wconf 88' lang='lat' dir='ltr'><strong>unc</strong></span> <span class='ocrx_word' id='word_1_74' title='bbox 650 966 711 1024; x_wconf 89' lang='lat' dir='ltr'><strong>ictu</strong></span> <span class='ocrx_word' id='word_1_75' title='bbox 723 965 895 1026; x_wconf 78' lang='lat' dir='ltr'><strong>uensfinum</strong></span> <span class='ocrx_word' id='word_1_76' title='bbox 905 981 963 1042; x_wconf 89' lang='lat' dir='ltr'><strong>per</strong></span> <span class='ocrx_word' id='word_1_77' title='bbox 978 962 1054 1024; x_wconf 84' lang='lat' dir='ltr'><strong>letus</strong></span> <span class='ocrx_word' id='word_1_78' title='bbox 1070 963 1187 1024; x_wconf 88' lang='lat' dir='ltr'><strong>occide·</strong></span> 
     </span>
     <span class='ocr_line' id='line_1_10' title="bbox 234 1045 1187 1126; baseline -0.005 -15"><span class='ocrx_word' id='word_1_79' title='bbox 234 1051 274 1111; x_wconf 88' lang='lat' dir='ltr'><strong>rit</strong></span> <span class='ocrx_word' id='word_1_80' title='bbox 288 1047 458 1117; x_wconf 78' lang='lat' dir='ltr'><strong>Mamilium,</strong></span> <span class='ocrx_word' id='word_1_81' title='bbox 472 1049 581 1126; x_wconf 85' lang='lat' dir='ltr'><strong>etipse</strong></span> <span class='ocrx_word' id='word_1_82' title='bbox 595 1049 672 1108; x_wconf 88' lang='lat' dir='ltr'><strong>inter</strong></span> <span class='ocrx_word' id='word_1_83' title='bbox 685 1047 876 1126; x_wconf 78' lang='lat' dir='ltr'><strong>speliendum</strong></span> <span class='ocrx_word' id='word_1_84' title='bbox 893 1064 1002 1125; x_wconf 89' lang='lat' dir='ltr'><strong>corpus</strong></span> <span class='ocrx_word' id='word_1_85' title='bbox 1017 1045 1110 1108; x_wconf 78' lang='lat' dir='ltr'><strong>nesus</strong></span> <span class='ocrx_word' id='word_1_86' title='bbox 1121 1064 1187 1107; x_wconf 80' lang='lat' dir='ltr'><strong>rer·</strong></span> 
     </span>
     <span class='ocr_line' id='line_1_11' title="bbox 235 1129 1188 1211; baseline -0.005 -16"><span class='ocrx_word' id='word_1_87' title='bbox 235 1141 301 1195; x_wconf 79' lang='lat' dir='ltr'><strong>rute</strong></span> <span class='ocrx_word' id='word_1_88' title='bbox 322 1150 497 1211; x_wconf 85' lang='lat' dir='ltr'><strong>percussus,</strong></span> <span class='ocrx_word' id='word_1_89' title='bbox 520 1145 586 1192; x_wconf 86' lang='lat' dir='ltr'><strong>uum</strong></span> <span class='ocrx_word' id='word_1_90' title='bbox 606 1132 701 1191; x_wconf 87' lang='lat' dir='ltr'><strong>victer</strong></span> <span class='ocrx_word' id='word_1_91' title='bbox 722 1133 753 1193; x_wconf 90' lang='lat' dir='ltr'><strong>in</strong></span> <span class='ocrx_word' id='word_1_92' title='bbox 766 1138 957 1192; x_wconf 48' lang='lat' dir='ltr'><strong>castraresset</strong></span> <span class='ocrx_word' id='word_1_93' title='bbox 971 1129 1096 1201; x_wconf 84' lang='lat' dir='ltr'><strong>relatus,</strong></span> <span class='ocrx_word' id='word_1_94' title='bbox 1110 1131 1188 1191; x_wconf 79' lang='lat' dir='ltr'><strong>inter</strong></span> 
     </span>
    </p>

    <p class='ocr_par' dir='ltr' id='par_1_6' title="bbox 185 1213 1188 1546">
     <span class='ocr_line' id='line_1_12' title="bbox 185 1213 1187 1297; baseline -0.001 -23"><span class='ocrx_word' id='word_1_95' title='bbox 185 1222 218 1274; x_wconf 88' lang='lat'><strong>10</strong></span> <span class='ocrx_word' id='word_1_96' title='bbox 234 1219 361 1297; x_wconf 80' lang='lat' dir='ltr'><strong>primam</strong></span> <span class='ocrx_word' id='word_1_97' title='bbox 372 1216 758 1293; x_wconf 69' lang='lat' dir='ltr'><strong>emmonem-expiraverit.</strong></span> <span class='ocrx_word' id='word_1_98' title='bbox 782 1223 849 1276; x_wconf 79' lang='lat' dir='ltr'><strong>dnm</strong></span> <span class='ocrx_word' id='word_1_99' title='bbox 868 1213 905 1275; x_wconf 83' lang='lat' dir='ltr'><strong>sd</strong></span> <span class='ocrx_word' id='word_1_100' title='bbox 920 1215 1039 1290; x_wconf 76' lang='lat' dir='ltr'><strong>equites</strong></span> <span class='ocrx_word' id='word_1_101' title='bbox 1057 1214 1187 1274; x_wconf 80' lang='lat' dir='ltr'><strong>dictator</strong></span> 
     </span>
     <span class='ocr_line' id='line_1_13' title="bbox 235 1297 1188 1377; baseline -0.004 -16"><span class='ocrx_word' id='word_1_102' title='bbox 235 1299 350 1362; x_wconf 70' lang='lat' dir='ltr'><strong>aduolet</strong></span> <span class='ocrx_word' id='word_1_103' title='bbox 364 1298 521 1370; x_wconf 70' lang='lat' dir='ltr'><strong>ememus,</strong></span> <span class='ocrx_word' id='word_1_104' title='bbox 539 1306 573 1360; x_wconf 91' lang='lat' dir='ltr'><strong>ut</strong></span> <span class='ocrx_word' id='word_1_105' title='bbox 588 1299 737 1360; x_wconf 83' lang='lat' dir='ltr'><strong>iessoimu</strong></span> <span class='ocrx_word' id='word_1_106' title='bbox 747 1299 845 1377; x_wconf 57' lang='lat' dir='ltr'><strong>pene</strong></span> <span class='ocrx_word' id='word_1_107' title='bbox 853 1297 1037 1358; x_wconf 61' lang='lat' dir='ltr'><strong>&amp;eumdem</strong></span> <span class='ocrx_word' id='word_1_108' title='bbox 1046 1317 1083 1358; x_wconf 83' lang='lat' dir='ltr'><strong>ex</strong></span> <span class='ocrx_word' id='word_1_109' title='bbox 1094 1299 1188 1375; x_wconf 86' lang='lat' dir='ltr'><strong>equis,</strong></span> 
     </span>
     <span class='ocr_line' id='line_1_14' title="bbox 237 1380 1188 1462; baseline -0.004 -16"><span class='ocrx_word' id='word_1_110' title='bbox 237 1392 266 1446; x_wconf 84' lang='lat' dir='ltr'><strong>et</strong></span> <span class='ocrx_word' id='word_1_111' title='bbox 284 1399 415 1462; x_wconf 83' lang='lat' dir='ltr'><strong>pugnem</strong></span> <span class='ocrx_word' id='word_1_112' title='bbox 436 1389 598 1461; x_wconf 77' lang='lat' dir='ltr'><strong>cupessmt</strong></span> <span class='ocrx_word' id='word_1_113' title='bbox 626 1383 710 1443; x_wconf 79' lang='lat' dir='ltr'><strong>dieto</strong></span> <span class='ocrx_word' id='word_1_114' title='bbox 726 1399 868 1460; x_wconf 75' lang='lat' dir='ltr'><strong>paruere:</strong></span> <span class='ocrx_word' id='word_1_115' title='bbox 892 1380 1031 1442; x_wconf 83' lang='lat' dir='ltr'><strong>desiliunt</strong></span> <span class='ocrx_word' id='word_1_116' title='bbox 1042 1382 1188 1458; x_wconf 80' lang='lat' dir='ltr'><strong>exequie,</strong></span> 
     </span>
     <span class='ocr_line' id='line_1_15' title="bbox 235 1464 1188 1546; baseline -0.001 -19"><span class='ocrx_word' id='word_1_117' title='bbox 235 1465 391 1546; x_wconf 72' lang='lat' dir='ltr'><strong>provolant</strong></span> <span class='ocrx_word' id='word_1_118' title='bbox 398 1467 433 1525; x_wconf 83' lang='lat' dir='ltr'><strong>in</strong></span> <span class='ocrx_word' id='word_1_119' title='bbox 443 1468 582 1544; x_wconf 86' lang='lat' dir='ltr'><strong>primum,</strong></span> <span class='ocrx_word' id='word_1_120' title='bbox 596 1473 629 1526; x_wconf 88' lang='lat' dir='ltr'><strong>et</strong></span> <span class='ocrx_word' id='word_1_121' title='bbox 637 1480 695 1543; x_wconf 83' lang='lat' dir='ltr'><strong>pne</strong></span> <span class='ocrx_word' id='word_1_122' title='bbox 707 1466 906 1543; x_wconf 66' lang='lat' dir='ltr'><strong>antesignanis</strong></span> <span class='ocrx_word' id='word_1_123' title='bbox 913 1479 1034 1543; x_wconf 70' lang='lat' dir='ltr'><strong>permus</strong></span> <span class='ocrx_word' id='word_1_124' title='bbox 1044 1464 1188 1526; x_wconf 80' lang='lat' dir='ltr'><strong>obiciunt</strong></span> 
     </span>
    </p>
   </div>
   <div class='ocr_carea' id='block_1_5' title="bbox 188 1547 1269 1628">
    <p class='ocr_par' dir='ltr' id='par_1_7' title="bbox 188 1547 1269 1628">
     <span class='ocr_line' id='line_1_16' title="bbox 188 1547 1269 1628; baseline -0.001 -17"><span class='ocrx_word' id='word_1_125' title='bbox 188 1559 217 1611; x_wconf 88' lang='lat'><strong>11</strong></span> <span class='ocrx_word' id='word_1_126' title='bbox 236 1552 342 1628; x_wconf 71' lang='lat' dir='ltr'><strong>recipit</strong></span> <span class='ocrx_word' id='word_1_127' title='bbox 356 1547 502 1626; x_wconf 84' lang='lat' dir='ltr'><strong>extemplo</strong></span> <span class='ocrx_word' id='word_1_128' title='bbox 521 1549 650 1609; x_wconf 74' lang='lat' dir='ltr'><strong>annuum</strong></span> <span class='ocrx_word' id='word_1_129' title='bbox 664 1549 808 1628; x_wconf 88' lang='lat' dir='ltr'><strong>pedestris</strong></span> <span class='ocrx_word' id='word_1_130' title='bbox 820 1551 908 1619; x_wconf 66' lang='lat' dir='ltr'><strong>eciem</strong></span> <span class='ocrx_word' id='word_1_131' title='bbox 922 1556 1077 1626; x_wconf 82' lang='lat' dir='ltr'><strong>postquam</strong></span> <span class='ocrx_word' id='word_1_132' title='bbox 1087 1549 1189 1609; x_wconf 85' lang='lat' dir='ltr'><strong>iuren-</strong></span> <span class='ocrx_word' id='word_1_133' title='bbox 1268 1607 1269 1610; x_wconf 74' lang='grc'>,</span> 
     </span>
    </p>
   </div>
   <div class='ocr_carea' id='block_1_6' title="bbox 189 1635 1190 1963">
    <p class='ocr_par' dir='ltr' id='par_1_8' title="bbox 189 1635 1190 1963">
     <span class='ocr_line' id='line_1_17' title="bbox 235 1635 1190 1712; baseline -0.005 -16"><span class='ocrx_word' id='word_1_134' title='bbox 235 1635 306 1696; x_wconf 74' lang='lat' dir='ltr'><strong>uus</strong></span> <span class='ocrx_word' id='word_1_135' title='bbox 322 1650 468 1711; x_wconf 88' lang='lat' dir='ltr'><strong>proceres</strong></span> <span class='ocrx_word' id='word_1_136' title='bbox 486 1639 613 1709; x_wconf 64' lang='lat' dir='ltr'><strong>aequate</strong></span> <span class='ocrx_word' id='word_1_137' title='bbox 627 1645 742 1710; x_wconf 61' lang='lat' dir='ltr'><strong>:genere</strong></span> <span class='ocrx_word' id='word_1_138' title='bbox 758 1651 876 1712; x_wconf 83' lang='lat' dir='ltr'><strong>pugnus</strong></span> <span class='ocrx_word' id='word_1_139' title='bbox 890 1647 991 1694; x_wconf 89' lang='lat' dir='ltr'><strong>seeum</strong></span> <span class='ocrx_word' id='word_1_140' title='bbox 1005 1639 1121 1710; x_wconf 75' lang='lat' dir='ltr'><strong>partem</strong></span> <span class='ocrx_word' id='word_1_141' title='bbox 1137 1649 1190 1710; x_wconf 87' lang='lat' dir='ltr'><strong>pe·</strong></span> 
     </span>
     <span class='ocr_line' id='line_1_18' title="bbox 236 1714 1190 1794; baseline -0.003 -16"><span class='ocrx_word' id='word_1_142' title='bbox 236 1716 516 1779; x_wconf 69' lang='lat' dir='ltr'><strong>riculisusinentes</strong></span> <span class='ocrx_word' id='word_1_143' title='bbox 535 1715 614 1777; x_wconf 80' lang='lat' dir='ltr'><strong>vidit</strong></span> <span class='ocrx_word' id='word_1_144' title='bbox 656 1724 720 1777; x_wconf 83' lang='lat' dir='ltr'><strong>tum</strong></span> <span class='ocrx_word' id='word_1_145' title='bbox 739 1717 858 1778; x_wconf 82' lang='lat' dir='ltr'><strong>demum</strong></span> <span class='ocrx_word' id='word_1_146' title='bbox 876 1714 989 1794; x_wconf 77' lang='lat' dir='ltr'><strong>inpulsi</strong></span> <span class='ocrx_word' id='word_1_147' title='bbox 1008 1715 1104 1776; x_wconf 81' lang='lat' dir='ltr'><strong>Latini</strong></span> <span class='ocrx_word' id='word_1_148' title='bbox 1120 1731 1190 1793; x_wconf 85' lang='lat' dir='ltr'><strong>per·</strong></span> 
     </span>
     <span class='ocr_line' id='line_1_19' title="bbox 189 1797 1190 1878; baseline -0.009 -11"><span class='ocrx_word' id='word_1_149' title='bbox 189 1814 220 1866; x_wconf 79' lang='lat'><strong>12</strong></span> <span class='ocrx_word' id='word_1_150' title='bbox 237 1800 377 1877; x_wconf 77' lang='lat' dir='ltr'><strong>celsaque</strong></span> <span class='ocrx_word' id='word_1_151' title='bbox 392 1799 544 1860; x_wconf 82' lang='lat' dir='ltr'><strong>inclinarit</strong></span> <span class='ocrx_word' id='word_1_152' title='bbox 555 1801 645 1860; x_wconf 80' lang='lat' dir='ltr'><strong>ecies.</strong></span> <span class='ocrx_word' id='word_1_153' title='bbox 674 1802 766 1878; x_wconf 84' lang='lat' dir='ltr'><strong>equiti</strong></span> <span class='ocrx_word' id='word_1_154' title='bbox 780 1800 891 1860; x_wconf 81' lang='lat' dir='ltr'><strong>admoti</strong></span> <span class='ocrx_word' id='word_1_155' title='bbox 905 1800 983 1876; x_wconf 83' lang='lat' dir='ltr'><strong>equi,</strong></span> <span class='ocrx_word' id='word_1_156' title='bbox 998 1805 1031 1859; x_wconf 91' lang='lat' dir='ltr'><strong>ut</strong></span> <span class='ocrx_word' id='word_1_157' title='bbox 1049 1797 1190 1877; x_wconf 84' lang='lat' dir='ltr'><strong>persequi</strong></span> 
     </span>
     <span class='ocr_line' id='line_1_20' title="bbox 236 1881 1190 1963; baseline -0.003 -18"><span class='ocrx_word' id='word_1_158' title='bbox 236 1884 352 1946; x_wconf 84' lang='lat' dir='ltr'><strong>hostem</strong></span> <span class='ocrx_word' id='word_1_159' title='bbox 371 1889 486 1963; x_wconf 87' lang='lat' dir='ltr'><strong>possct;</strong></span> <span class='ocrx_word' id='word_1_160' title='bbox 514 1890 613 1945; x_wconf 71' lang='lat' dir='ltr'><strong>munte</strong></span> <span class='ocrx_word' id='word_1_161' title='bbox 637 1890 666 1945; x_wconf 90' lang='lat' dir='ltr'><strong>et</strong></span> <span class='ocrx_word' id='word_1_162' title='bbox 684 1883 832 1962; x_wconf 75' lang='lat' dir='ltr'><strong>:pedestris</strong></span> <span class='ocrx_word' id='word_1_163' title='bbox 854 1885 943 1944; x_wconf 83' lang='lat' dir='ltr'><strong>ecies.</strong></span> <span class='ocrx_word' id='word_1_164' title='bbox 972 1881 1015 1942; x_wconf 86' lang='lat' dir='ltr'><strong>ibi</strong></span> <span class='ocrx_word' id='word_1_165' title='bbox 1037 1881 1113 1942; x_wconf 90' lang='lat' dir='ltr'><strong>nihil</strong></span> <span class='ocrx_word' id='word_1_166' title='bbox 1134 1899 1190 1942; x_wconf 88' lang='lat' dir='ltr'><strong>nec</strong></span> 
     </span>
    </p>
   </div>
   <div class='ocr_carea' id='block_1_7' title="bbox 238 1964 1270 2048">
    <p class='ocr_par' dir='ltr' id='par_1_9' title="bbox 238 1964 1270 2048">
     <span class='ocr_line' id='line_1_21' title="bbox 238 1964 1270 2048; baseline -0.008 -17"><span class='ocrx_word' id='word_1_167' title='bbox 238 1969 353 2031; x_wconf 72' lang='lat' dir='ltr'><strong>dinnao</strong></span> <span class='ocrx_word' id='word_1_168' title='bbox 372 1984 428 2028; x_wconf 91' lang='lat' dir='ltr'><strong>nec</strong></span> <span class='ocrx_word' id='word_1_169' title='bbox 448 1966 594 2028; x_wconf 82' lang='lat' dir='ltr'><strong>humanae</strong></span> <span class='ocrx_word' id='word_1_170' title='bbox 615 1968 680 2044; x_wconf 90' lang='lat' dir='ltr'><strong>opis</strong></span> <span class='ocrx_word' id='word_1_171' title='bbox 694 1967 819 2028; x_wconf 79' lang='lat' dir='ltr'><strong>dictetur</strong></span> <span class='ocrx_word' id='word_1_172' title='bbox 834 1967 1072 2045; x_wconf 76' lang='lat' dir='ltr'><strong>praetermittens</strong></span> <span class='ocrx_word' id='word_1_173' title='bbox 1085 1964 1190 2026; x_wconf 77' lang='lat' dir='ltr'><strong>eedem</strong></span> <span class='ocrx_word' id='word_1_174' title='bbox 1269 2037 1270 2048; x_wconf 9' lang='grc' dir='ltr'>χ</span> 
     </span>
    </p>
   </div>
   <div class='ocr_carea' id='block_1_8' title="bbox 188 2047 1192 2460">
    <p class='ocr_par' dir='ltr' id='par_1_10' title="bbox 188 2047 1192 2460">
     <span class='ocr_line' id='line_1_22' title="bbox 188 2047 1191 2128; baseline 0.004 -24"><span class='ocrx_word' id='word_1_175' title='bbox 188 2052 220 2106; x_wconf 76' lang='grc'><strong>13</strong></span> <span class='ocrx_word' id='word_1_176' title='bbox 238 2051 351 2114; x_wconf 72' lang='lat' dir='ltr'><strong>castori</strong></span> <span class='ocrx_word' id='word_1_177' title='bbox 365 2051 477 2111; x_wconf 74' lang='lat' dir='ltr'><strong>neusse</strong></span> <span class='ocrx_word' id='word_1_178' title='bbox 492 2050 596 2119; x_wconf 78' lang='lat' dir='ltr'><strong>femur,</strong></span> <span class='ocrx_word' id='word_1_179' title='bbox 611 2067 646 2110; x_wconf 84' lang='lat' dir='ltr'><strong>ac</strong></span> <span class='ocrx_word' id='word_1_180' title='bbox 659 2051 866 2128; x_wconf 75' lang='lat' dir='ltr'><strong>pronuntiasse</strong></span> <span class='ocrx_word' id='word_1_181' title='bbox 881 2047 968 2109; x_wconf 91' lang='lat' dir='ltr'><strong>militi</strong></span> <span class='ocrx_word' id='word_1_182' title='bbox 981 2049 1124 2127; x_wconf 78' lang='lat' dir='ltr'><strong>praemia,</strong></span> <span class='ocrx_word' id='word_1_183' title='bbox 1140 2048 1191 2125; x_wconf 91' lang='lat' dir='ltr'><strong>qui</strong></span> 
     </span>
     <span class='ocr_line' id='line_1_23' title="bbox 237 2132 1190 2214; baseline -0.002 -20"><span class='ocrx_word' id='word_1_184' title='bbox 237 2135 367 2214; x_wconf 85' lang='lat' dir='ltr'><strong>primus,</strong></span> <span class='ocrx_word' id='word_1_185' title='bbox 381 2135 433 2210; x_wconf 90' lang='lat' dir='ltr'><strong>qui</strong></span> <span class='ocrx_word' id='word_1_186' title='bbox 447 2132 593 2209; x_wconf 76' lang='lat' dir='ltr'><strong>secundus</strong></span> <span class='ocrx_word' id='word_1_187' title='bbox 608 2139 703 2194; x_wconf 79' lang='lat' dir='ltr'><strong>metm</strong></span> <span class='ocrx_word' id='word_1_188' title='bbox 717 2133 845 2194; x_wconf 86' lang='lat' dir='ltr'><strong>hostium</strong></span> <span class='ocrx_word' id='word_1_189' title='bbox 861 2135 1013 2193; x_wconf 63' lang='lat' dir='ltr'><strong>incesset:</strong></span> <span class='ocrx_word' id='word_1_190' title='bbox 1033 2139 1190 2208; x_wconf 76' lang='lat' dir='ltr'><strong>uniusque</strong></span> 
     </span>
     <span class='ocr_line' id='line_1_24' title="bbox 237 2213 1190 2294; baseline -0.004 -16"><span class='ocrx_word' id='word_1_191' title='bbox 237 2217 327 2278; x_wconf 85' lang='lat' dir='ltr'><strong>erdcr</strong></span> <span class='ocrx_word' id='word_1_192' title='bbox 335 2216 401 2285; x_wconf 81' lang='lat' dir='ltr'><strong>init,</strong></span> <span class='ocrx_word' id='word_1_193' title='bbox 416 2223 449 2276; x_wconf 90' lang='lat' dir='ltr'><strong>ut</strong></span> <span class='ocrx_word' id='word_1_194' title='bbox 460 2215 563 2276; x_wconf 86' lang='lat' dir='ltr'><strong>ecdem</strong></span> <span class='ocrx_word' id='word_1_195' title='bbox 575 2217 696 2294; x_wconf 87' lang='lat' dir='ltr'><strong>impetu,</strong></span> <span class='ocrx_word' id='word_1_196' title='bbox 712 2233 771 2293; x_wconf 89' lang='lat' dir='ltr'><strong>que</strong></span> <span class='ocrx_word' id='word_1_197' title='bbox 782 2215 1045 2278; x_wconf 79' lang='lat' dir='ltr'><strong>finderenthcstem</strong></span> <span class='ocrx_word' id='word_1_198' title='bbox 1054 2213 1190 2283; x_wconf 83' lang='lat' dir='ltr'><strong>Romani,</strong></span> 
     </span>
     <span class='ocr_line' id='line_1_25' title="bbox 235 2297 1192 2376; baseline -0.004 -14"><span class='ocrx_word' id='word_1_199' title='bbox 235 2307 331 2362; x_wconf 75' lang='lat' dir='ltr'><strong>cestre</strong></span> <span class='ocrx_word' id='word_1_200' title='bbox 348 2305 496 2376; x_wconf 80' lang='lat' dir='ltr'><strong>caperent</strong></span> <span class='ocrx_word' id='word_1_201' title='bbox 528 2297 586 2359; x_wconf 88' lang='lat' dir='ltr'><strong>hec</strong></span> <span class='ocrx_word' id='word_1_202' title='bbox 601 2299 692 2360; x_wconf 87' lang='lat' dir='ltr'><strong>modo</strong></span> <span class='ocrx_word' id='word_1_203' title='bbox 705 2299 744 2360; x_wconf 88' lang='lat' dir='ltr'><strong>ed</strong></span> <span class='ocrx_word' id='word_1_204' title='bbox 757 2298 856 2360; x_wconf 83' lang='lat' dir='ltr'><strong>lecum</strong></span> <span class='ocrx_word' id='word_1_205' title='bbox 865 2297 1016 2375; x_wconf 81' lang='lat' dir='ltr'><strong>dlegillum</strong></span> <span class='ocrx_word' id='word_1_206' title='bbox 1029 2306 1192 2376; x_wconf 85' lang='lat' dir='ltr'><strong>pugnatum</strong></span> 
     </span>
     <span class='ocr_line' id='line_1_26' title="bbox 238 2379 1192 2460; baseline -0.005 -14"><span class='ocrx_word' id='word_1_207' title='bbox 238 2389 291 2446; x_wconf 82' lang='lat' dir='ltr'><strong>est.</strong></span> <span class='ocrx_word' id='word_1_208' title='bbox 322 2381 446 2442; x_wconf 78' lang='lat' dir='ltr'><strong>dictetur</strong></span> <span class='ocrx_word' id='word_1_209' title='bbox 461 2388 490 2442; x_wconf 87' lang='lat' dir='ltr'><strong>et</strong></span> <span class='ocrx_word' id='word_1_210' title='bbox 503 2383 642 2459; x_wconf 67' lang='lat' dir='ltr'><strong>magister</strong></span> <span class='ocrx_word' id='word_1_211' title='bbox 661 2383 792 2460; x_wconf 86' lang='lat' dir='ltr'><strong>equitum</strong></span> <span class='ocrx_word' id='word_1_212' title='bbox 808 2382 1024 2460; x_wconf 81' lang='lat' dir='ltr'><strong>triumphantes</strong></span> <span class='ocrx_word' id='word_1_213' title='bbox 1039 2383 1071 2442; x_wconf 91' lang='lat' dir='ltr'><strong>in</strong></span> <span class='ocrx_word' id='word_1_214' title='bbox 1086 2379 1192 2442; x_wconf 84' lang='lat' dir='ltr'><strong>urbem</strong></span> 
     </span>
    </p>
   </div>
   <div class='ocr_carea' id='block_1_9' title="bbox 237 2465 364 2528">
    <p class='ocr_par' dir='ltr' id='par_1_11' title="bbox 237 2465 364 2528">
     <span class='ocr_line' id='line_1_27' title="bbox 237 2465 364 2528; baseline -0.031 1"><span class='ocrx_word' id='word_1_215' title='bbox 237 2465 364 2528; x_wconf 87' lang='lat' dir='ltr'><strong>rediere.</strong></span> 
     </span>
    </p>
   </div>
   <div class='ocr_carea' id='block_1_10' title="bbox 207 2545 1195 2626">
    <p class='ocr_par' dir='ltr' id='par_1_12' title="bbox 207 2545 1195 2626">
     <span class='ocr_line' id='line_1_28' title="bbox 207 2545 1195 2626; baseline 0 -23"><span class='ocrx_word' id='word_1_216' title='bbox 207 2551 221 2603; x_wconf 85' lang='lat'>1</span> <span class='ocrx_word' id='word_1_217' title='bbox 301 2547 376 2609; x_wconf 83' lang='lat' dir='ltr'><strong>XXI.</strong></span> <span class='ocrx_word' id='word_1_218' title='bbox 402 2547 543 2608; x_wconf 85' lang='lat' dir='ltr'><strong>Triennio</strong></span> <span class='ocrx_word' id='word_1_219' title='bbox 554 2547 668 2610; x_wconf 77' lang='lat' dir='ltr'><strong>deinde</strong></span> <span class='ocrx_word' id='word_1_220' title='bbox 682 2566 739 2610; x_wconf 89' lang='lat' dir='ltr'><strong>nec</strong></span> <span class='ocrx_word' id='word_1_221' title='bbox 757 2555 839 2610; x_wconf 75' lang='lat' dir='ltr'><strong>certa</strong></span> <span class='ocrx_word' id='word_1_222' title='bbox 855 2565 983 2626; x_wconf 77' lang='lat' dir='ltr'><strong>pernes</strong></span> <span class='ocrx_word' id='word_1_223' title='bbox 999 2546 1111 2610; x_wconf 85' lang='lat' dir='ltr'><strong>bellum</strong></span> <span class='ocrx_word' id='word_1_224' title='bbox 1127 2545 1195 2605; x_wconf 82' lang='lat' dir='ltr'><strong>init.</strong></span> 
     </span>
    </p>
   </div>
   <div class='ocr_carea' id='block_1_11' title="bbox 206 2627 1194 3044">
    <p class='ocr_par' dir='ltr' id='par_1_13' title="bbox 206 2627 1194 3044">
     <span class='ocr_line' id='line_1_29' title="bbox 239 2627 1193 2706; baseline -0.004 -12"><span class='ocrx_word' id='word_1_225' title='bbox 239 2630 376 2694; x_wconf 87' lang='lat' dir='ltr'><strong>consules</strong></span> <span class='ocrx_word' id='word_1_226' title='bbox 392 2627 516 2698; x_wconf 70' lang='lat' dir='ltr'><strong>Quintus</strong></span> <span class='ocrx_word' id='word_1_227' title='bbox 529 2630 659 2692; x_wconf 78' lang='lat' dir='ltr'><strong>Cloelius</strong></span> <span class='ocrx_word' id='word_1_228' title='bbox 675 2639 706 2694; x_wconf 89' lang='lat' dir='ltr'><strong>et</strong></span> <span class='ocrx_word' id='word_1_229' title='bbox 719 2633 753 2692; x_wconf 93' lang='grc' dir='ltr'><strong>Τ.</strong></span> <span class='ocrx_word' id='word_1_230' title='bbox 766 2631 905 2700; x_wconf 74' lang='lat' dir='ltr'><strong>Larcius,</strong></span> <span class='ocrx_word' id='word_1_231' title='bbox 920 2631 990 2693; x_wconf 90' lang='lat' dir='ltr'><strong>inde</strong></span> <span class='ocrx_word' id='word_1_232' title='bbox 1003 2633 1036 2693; x_wconf 78' lang='lat' dir='ltr'><strong>A.</strong></span> <span class='ocrx_word' id='word_1_233' title='bbox 1052 2630 1193 2706; x_wconf 88' lang='lat' dir='ltr'><strong>Sempro·</strong></span> 
     </span>
     <span class='ocr_line' id='line_1_30' title="bbox 206 2712 1193 2776; baseline -0.004 0"><span class='ocrx_word' id='word_1_234' title='bbox 206 2721 223 2768; x_wconf 85' lang='lat'>2</span> <span class='ocrx_word' id='word_1_235' title='bbox 239 2717 306 2776; x_wconf 86' lang='lat' dir='ltr'><strong>nius</strong></span> <span class='ocrx_word' id='word_1_236' title='bbox 326 2721 356 2774; x_wconf 86' lang='lat' dir='ltr'><strong>et</strong></span> <span class='ocrx_word' id='word_1_237' title='bbox 375 2713 413 2772; x_wconf 85' lang='lat' dir='ltr'><strong>ld.</strong></span> <span class='ocrx_word' id='word_1_238' title='bbox 430 2713 584 2774; x_wconf 86' lang='lat' dir='ltr'><strong>Minucius.</strong></span> <span class='ocrx_word' id='word_1_239' title='bbox 612 2713 660 2775; x_wconf 87' lang='lat' dir='ltr'><strong>his</strong></span> <span class='ocrx_word' id='word_1_240' title='bbox 680 2713 852 2776; x_wconf 83' lang='lat' dir='ltr'><strong>consulibus</strong></span> <span class='ocrx_word' id='word_1_241' title='bbox 872 2714 954 2776; x_wconf 86' lang='lat' dir='ltr'><strong>aedis</strong></span> <span class='ocrx_word' id='word_1_242' title='bbox 966 2715 1095 2776; x_wconf 76' lang='lat' dir='ltr'><strong>Saturno</strong></span> <span class='ocrx_word' id='word_1_243' title='bbox 1110 2712 1193 2773; x_wconf 88' lang='lat' dir='ltr'><strong>dedi·</strong></span> 
     </span>
     <span class='ocr_line' id='line_1_31' title="bbox 240 2793 1194 2866; baseline -0.006 -7"><span class='ocrx_word' id='word_1_244' title='bbox 240 2805 313 2866; x_wconf 78' lang='lat' dir='ltr'><strong>cete,</strong></span> <span class='ocrx_word' id='word_1_245' title='bbox 330 2794 494 2857; x_wconf 82' lang='lat' dir='ltr'><strong>Suusrnelia</strong></span> <span class='ocrx_word' id='word_1_246' title='bbox 508 2797 657 2858; x_wconf 85' lang='lat' dir='ltr'><strong>institutus</strong></span> <span class='ocrx_word' id='word_1_247' title='bbox 671 2798 762 2859; x_wconf 76' lang='lat' dir='ltr'><strong>festus</strong></span> <span class='ocrx_word' id='word_1_248' title='bbox 776 2797 848 2858; x_wconf 90' lang='lat' dir='ltr'><strong>dies.</strong></span> <span class='ocrx_word' id='word_1_249' title='bbox 862 2829 898 2842; x_wconf 92' lang='grc'><strong>-</strong></span> <span class='ocrx_word' id='word_1_250' title='bbox 912 2795 1003 2858; x_wconf 75' lang='lat' dir='ltr'><strong>Arius</strong></span> <span class='ocrx_word' id='word_1_251' title='bbox 1017 2794 1125 2856; x_wconf 88' lang='lat' dir='ltr'><strong>deinde</strong></span> <span class='ocrx_word' id='word_1_252' title='bbox 1135 2793 1194 2854; x_wconf 83' lang='lat' dir='ltr'><strong>Pu-</strong></span> 
     </span>
     <span class='ocr_line' id='line_1_32' title="bbox 207 2878 1194 2956; baseline 0.002 -20"><span class='ocrx_word' id='word_1_253' title='bbox 207 2885 224 2936; x_wconf 75' lang='lat'>8</span> <span class='ocrx_word' id='word_1_254' title='bbox 241 2880 363 2943; x_wconf 76' lang='lat' dir='ltr'><strong>sumine</strong></span> <span class='ocrx_word' id='word_1_255' title='bbox 383 2885 412 2938; x_wconf 84' lang='lat' dir='ltr'><strong>ct</strong></span> <span class='ocrx_word' id='word_1_256' title='bbox 432 2879 465 2940; x_wconf 93' lang='grc' dir='ltr'><strong>Τ.</strong></span> <span class='ocrx_word' id='word_1_257' title='bbox 480 2878 636 2956; x_wconf 80' lang='lat' dir='ltr'><strong>Verginius</strong></span> <span class='ocrx_word' id='word_1_258' title='bbox 648 2881 786 2942; x_wconf 87' lang='lat' dir='ltr'><strong>eonsules</strong></span> <span class='ocrx_word' id='word_1_259' title='bbox 800 2881 881 2942; x_wconf 85' lang='lat' dir='ltr'><strong>lecti.</strong></span> <span class='ocrx_word' id='word_1_260' title='bbox 909 2880 967 2942; x_wconf 88' lang='lat' dir='ltr'><strong>huc</strong></span> <span class='ocrx_word' id='word_1_261' title='bbox 981 2879 1099 2941; x_wconf 89' lang='lat' dir='ltr'><strong>demum</strong></span> <span class='ocrx_word' id='word_1_262' title='bbox 1115 2893 1194 2938; x_wconf 83' lang='lat' dir='ltr'><strong>enno</strong></span> 
     </span>
     <span class='ocr_line' id='line_1_33' title="bbox 242 2959 1193 3044; baseline -0.002 -20"><span class='ocrx_word' id='word_1_263' title='bbox 242 2963 279 3024; x_wconf 86' lang='lat' dir='ltr'><strong>ad</strong></span> <span class='ocrx_word' id='word_1_264' title='bbox 297 2959 442 3039; x_wconf 79' lang='lat' dir='ltr'><strong>Regillum</strong></span> <span class='ocrx_word' id='word_1_265' title='bbox 461 2960 559 3023; x_wconf 79' lang='lat' dir='ltr'><strong>lecum</strong></span> <span class='ocrx_word' id='word_1_266' title='bbox 578 2973 741 3042; x_wconf 81' lang='lat' dir='ltr'><strong>pugnatum</strong></span> <span class='ocrx_word' id='word_1_267' title='bbox 754 2964 833 3044; x_wconf 78' lang='lat' dir='ltr'><strong>opud</strong></span> <span class='ocrx_word' id='word_1_268' title='bbox 847 2963 991 3040; x_wconf 84' lang='lat' dir='ltr'><strong>quosdam</strong></span> <span class='ocrx_word' id='word_1_269' title='bbox 1004 2961 1138 3029; x_wconf 75' lang='lat' dir='ltr'><strong>invenior</strong></span> <span class='ocrx_word' id='word_1_270' title='bbox 1160 2962 1193 3022; x_wconf 83' lang='grc' dir='ltr'><strong>Α.</strong></span> 
     </span>
    </p>
   </div>
   <div class='ocr_carea' id='block_1_12' title="bbox 242 3043 1270 3125">
    <p class='ocr_par' dir='ltr' id='par_1_14' title="bbox 242 3043 1270 3125">
     <span class='ocr_line' id='line_1_34' title="bbox 242 3043 1270 3125; baseline -0.004 -17"><span class='ocrx_word' id='word_1_271' title='bbox 242 3047 439 3115; x_wconf 78' lang='lat' dir='ltr'><strong>Postumium,</strong></span> <span class='ocrx_word' id='word_1_272' title='bbox 455 3047 522 3123; x_wconf 79' lang='lat' dir='ltr'><strong>qsria</strong></span> <span class='ocrx_word' id='word_1_273' title='bbox 541 3045 654 3125; x_wconf 82' lang='lat' dir='ltr'><strong>college</strong></span> <span class='ocrx_word' id='word_1_274' title='bbox 670 3047 776 3110; x_wconf 81' lang='lat' dir='ltr'><strong>dubiae</strong></span> <span class='ocrx_word' id='word_1_275' title='bbox 792 3047 861 3109; x_wconf 85' lang='lat' dir='ltr'><strong>fidei</strong></span> <span class='ocrx_word' id='word_1_276' title='bbox 876 3047 976 3117; x_wconf 84' lang='lat' dir='ltr'><strong>fuerit,</strong></span> <span class='ocrx_word' id='word_1_277' title='bbox 991 3065 1023 3108; x_wconf 87' lang='lat' dir='ltr'><strong>se</strong></span> <span class='ocrx_word' id='word_1_278' title='bbox 1040 3043 1195 3106; x_wconf 81' lang='lat' dir='ltr'><strong>consulmu</strong></span> <span class='ocrx_word' id='word_1_279' title='bbox 1268 3083 1270 3112; x_wconf 85' lang='grc'>,</span> 
     </span>
    </p>
   </div>
   <div class='ocr_carea' id='block_1_13' title="bbox 208 3126 1194 3292">
    <p class='ocr_par' dir='ltr' id='par_1_15' title="bbox 208 3126 1194 3292">
     <span class='ocr_line' id='line_1_35' title="bbox 208 3126 1194 3205; baseline -0.005 -15"><span class='ocrx_word' id='word_1_280' title='bbox 208 3128 409 3198; x_wconf 77' lang='lat' dir='ltr'><strong>sabdicessct</strong></span> <span class='ocrx_word' id='word_1_281' title='bbox 434 3129 607 3192; x_wconf 73' lang='lat' dir='ltr'><strong>dictamnum</strong></span> <span class='ocrx_word' id='word_1_282' title='bbox 630 3131 699 3192; x_wconf 85' lang='lat' dir='ltr'><strong>inde</strong></span> <span class='ocrx_word' id='word_1_283' title='bbox 716 3131 835 3192; x_wconf 82' lang='lat' dir='ltr'><strong>iactum.</strong></span> <span class='ocrx_word' id='word_1_284' title='bbox 872 3131 946 3191; x_wconf 84' lang='lat' dir='ltr'><strong>tenti</strong></span> <span class='ocrx_word' id='word_1_285' title='bbox 965 3145 1085 3191; x_wconf 87' lang='lat' dir='ltr'><strong>errores</strong></span> <span class='ocrx_word' id='word_1_286' title='bbox 1106 3126 1194 3205; x_wconf 84' lang='lat' dir='ltr'><strong>inpli-</strong></span> 
     </span>
     <span class='ocr_line' id='line_1_36' title="bbox 243 3209 1194 3292; baseline -0.004 -17"><span class='ocrx_word' id='word_1_287' title='bbox 243 3220 312 3274; x_wconf 77' lang='lat' dir='ltr'><strong>cent</strong></span> <span class='ocrx_word' id='word_1_288' title='bbox 330 3221 498 3291; x_wconf 84' lang='lat' dir='ltr'><strong>temporum</strong></span> <span class='ocrx_word' id='word_1_289' title='bbox 521 3211 606 3274; x_wconf 80' lang='lat' dir='ltr'><strong>aliter</strong></span> <span class='ocrx_word' id='word_1_290' title='bbox 628 3215 706 3292; x_wconf 83' lang='lat' dir='ltr'><strong>apud</strong></span> <span class='ocrx_word' id='word_1_291' title='bbox 720 3213 793 3276; x_wconf 83' lang='lat' dir='ltr'><strong>elios</strong></span> <span class='ocrx_word' id='word_1_292' title='bbox 808 3213 953 3274; x_wconf 73' lang='lat' dir='ltr'><strong>ortiinetis</strong></span> <span class='ocrx_word' id='word_1_293' title='bbox 967 3209 1194 3291; x_wconf 74' lang='lat' dir='ltr'><strong>magistratibus,</strong></span> 
     </span>
    </p>
   </div>
   <div class='ocr_carea' id='block_1_14' title="bbox 209 3295 1196 3549">
    <p class='ocr_par' dir='ltr' id='par_1_16' title="bbox 209 3295 1196 3549">
     <span class='ocr_line' id='line_1_37' title="bbox 243 3295 1195 3375; baseline -0.004 -18"><span class='ocrx_word' id='word_1_294' title='bbox 243 3303 275 3357; x_wconf 90' lang='lat' dir='ltr'><strong>ut</strong></span> <span class='ocrx_word' id='word_1_295' title='bbox 294 3313 351 3358; x_wconf 88' lang='lat' dir='ltr'><strong>nec</strong></span> <span class='ocrx_word' id='word_1_296' title='bbox 373 3296 424 3372; x_wconf 93' lang='lat' dir='ltr'><strong>qui</strong></span> <span class='ocrx_word' id='word_1_297' title='bbox 444 3296 580 3358; x_wconf 88' lang='lat' dir='ltr'><strong>consules</strong></span> <span class='ocrx_word' id='word_1_298' title='bbox 600 3298 763 3359; x_wconf 86' lang='lat' dir='ltr'><strong>secundum</strong></span> <span class='ocrx_word' id='word_1_299' title='bbox 783 3315 942 3375; x_wconf 80' lang='lat' dir='ltr'><strong>quosnam,</strong></span> <span class='ocrx_word' id='word_1_300' title='bbox 965 3295 1107 3372; x_wconf 85' lang='lat' dir='ltr'><strong>neuquid</strong></span> <span class='ocrx_word' id='word_1_301' title='bbox 1122 3311 1195 3371; x_wconf 87' lang='lat' dir='ltr'><strong>quo·</strong></span> 
     </span>
     <span class='ocr_line' id='line_1_38' title="bbox 244 3375 1196 3456; baseline -0.003 -15"><span class='ocrx_word' id='word_1_302' title='bbox 244 3397 302 3456; x_wconf 89' lang='lat' dir='ltr'><strong>que</strong></span> <span class='ocrx_word' id='word_1_303' title='bbox 315 3396 393 3441; x_wconf 85' lang='lat' dir='ltr'><strong>enno</strong></span> <span class='ocrx_word' id='word_1_304' title='bbox 408 3387 504 3440; x_wconf 87' lang='lat' dir='ltr'><strong>ectum</strong></span> <span class='ocrx_word' id='word_1_305' title='bbox 518 3382 564 3450; x_wconf 84' lang='lat' dir='ltr'><strong>sit</strong></span> <span class='ocrx_word' id='word_1_306' title='bbox 578 3381 699 3443; x_wconf 80' lang='lat' dir='ltr'><strong>intente</strong></span> <span class='ocrx_word' id='word_1_307' title='bbox 709 3387 848 3444; x_wconf 78' lang='lat' dir='ltr'><strong>vetmtste</strong></span> <span class='ocrx_word' id='word_1_308' title='bbox 859 3397 920 3442; x_wconf 91' lang='lat' dir='ltr'><strong>nou</strong></span> <span class='ocrx_word' id='word_1_309' title='bbox 930 3397 1033 3442; x_wconf 88' lang='lat' dir='ltr'><strong>rerum</strong></span> <span class='ocrx_word' id='word_1_310' title='bbox 1043 3377 1132 3439; x_wconf 88' lang='lat' dir='ltr'><strong>modo</strong></span> <span class='ocrx_word' id='word_1_311' title='bbox 1144 3375 1196 3438; x_wconf 87' lang='lat' dir='ltr'><strong>sed</strong></span> 
     </span>
     <span class='ocr_line' id='line_1_39' title="bbox 209 3460 1196 3549; baseline -0.004 -25"><span class='ocrx_word' id='word_1_312' title='bbox 209 3464 331 3549; x_wconf 65' lang='lat' dir='ltr'><strong>¹§etiarm</strong></span> <span class='ocrx_word' id='word_1_313' title='bbox 348 3471 501 3524; x_wconf 85' lang='lat' dir='ltr'><strong>auctorum</strong></span> <span class='ocrx_word' id='word_1_314' title='bbox 524 3463 658 3541; x_wconf 74' lang='lat' dir='ltr'><strong>digerere</strong></span> <span class='ocrx_word' id='word_1_315' title='bbox 678 3465 782 3543; x_wconf 85' lang='lat' dir='ltr'><strong>pessis.</strong></span> <span class='ocrx_word' id='word_1_316' title='bbox 804 3497 839 3508; x_wconf 84' lang='lat'><em>-</em></span> <span class='ocrx_word' id='word_1_317' title='bbox 856 3465 910 3543; x_wconf 79' lang='lat' dir='ltr'><strong>dp.</strong></span> <span class='ocrx_word' id='word_1_318' title='bbox 927 3462 1066 3526; x_wconf 75' lang='lat' dir='ltr'><strong>Claudius</strong></span> <span class='ocrx_word' id='word_1_319' title='bbox 1089 3460 1196 3522; x_wconf 89' lang='lat' dir='ltr'><strong>deinde</strong></span> 
     </span>
    </p>
   </div>
   <div class='ocr_carea' id='block_1_15' title="bbox 0 0 1304 3956">
    <p class='ocr_par' dir='ltr' id='par_1_17' title="bbox 0 0 1304 3956">
     <span class='ocr_line' id='line_1_40' title="bbox 0 0 1304 3956; baseline 0 0"><span class='ocrx_word' id='word_1_320' title='bbox 0 0 1304 3956; x_wconf 95' lang='lat' dir='ltr'><strong> </strong></span> 
     </span>
    </p>
   </div>
  </div>
 </body>
</html>
