2580 3954
225 196 285 258 196
402 207 496 248 urana
509 207 553 249 ιι.
582 205 652 248 ose.
668 197 693 250 l.
720 189 758 265 [a
773 208 804 248 u.
821 207 845 247 o.
861 195 923 250 308.
939 184 1001 266 309]

224 354 372 433 reliquum
394 358 463 417 anni
482 357 613 433 quietum
630 355 669 436 'ab
690 354 811 416 urbanis
827 351 955 436 motibus
976 360 1005 414 et
1027 350 1063 414 ab
1082 359 1179 416 axun-

225 441 271 500 uis
286 440 402 500 mansit.

587 639 814 650 naun—...naumu-

473 887 697 952 ruriculis
725 887 852 952 LIBRI
884 887 936 950 1v.

298 1021 351 1072 Lex
363 1023 395 1072 da
408 1024 516 1074 conubio
529 1034 627 1087 patrum
640 1033 664 1073 et
675 1023 757 1088 plebis
775 1038 790 1072 a
802 1022 908 1074 tribunis
926 1021 1009 1086 plebis
1018 1033 1186 1072 *contentione
1271 1077 1272 1094 χ

231 1103 322 1154 magna
333 1089 447 1154 patribus
459 1091 658 1156 repugnantibus
670 1089 767 1156 perlata
776 1099 823 1140 est.
841 1090 934 1140 tribuni
946 1089 1074 1138 militares.
1091 1087 1186 1152 abquot

230 1170 310 1206 annos
323 1171 363 1206 res
375 1156 462 1222 populi
475 1157 582 1207 Romani
600 1157 668 1208 domi
680 1157 832 1221 militiaeque
843 1155 889 1222 p‘er
899 1155 948 1206 hoc
959 1170 1041 1222 genus
1053 1156 1184 1220 magistra·
1271 1193 1272 1196 ,

230 1231 271 1272 tus
293 1223 480 1274 administratae
503 1235 571 1275 suut.
600 1226 660 1275 item
681 1237 799 1275 censores
815 1234 876 1274 tunc
898 1223 1007 1287 primum
1024 1223 1100 1271 creati
1117 1232 1186 1272 sunt.
1271 1227 1272 1230 ’

230 1304 290 1354 ager
302 1289 452 1342 Ardeatibus
462 1292 548 1357 populi
560 1291 667 1342 Romani
676 1291 769 1342 iudicio
782 1290 880 1341 ablatus
890 1290 974 1340 missis
984 1291 1010 1338 ln
1022 1303 1079 1339 eum
1089 1289 1186 1339 colonis

230 1357 360 1407 restitutus
372 1367 419 1408 est.
443 1375 501 1408 cum
512 1358 578 1408 lame
595 1359 704 1424 populns
722 1359 851 1410 Romanus
869 1357 1005 1416 laboraret,
1024 1355 1070 1421 Sp.
1082 1356 1186 1406 Maelius
1272 1361 1273 1366 ’

231 1439 308 1488 eques
320 1425 448 1475 Romanus
461 1425 613 1476 trumentum
625 1426 894 1492 populoiiomauosut
904 1425 1011 1487 inpensa
1022 1423 1127 1488 largitus
1140 1434 1185 1482 est,

233 1500 257 1539 et
269 1492 301 1540 ob
313 1491 340 1540 id
352 1491 445 1542 laetum
457 1492 588 1542 conciliata
601 1493 648 1542 sibi
661 1494 734 1558 plebe
751 1507 856 1558 regnum
868 1491 999 1542 adfectans
1012 1506 1026 1539 a
1039 1489 1067 1542 Ο.
1080 1489 1186 1540 Servilio
1273 1522 1274 1556 ι

232 1555 312 1606 Ahala
322 1558 443 1620 magistro
457 1559 569 1622 equitum
585 1559 769 1620 iussuQuinctl
782 1559 923 1610 cincinnati
941 1557 1070 1608 dictatoris
1088 1557 1187 1608 occisus

232 1633 283 1677 est:
301 1624 330 1673 L.
348 1623 473 1676 Minucius
491 1625 569 1676 index
585 1626 651 1677 bove
666 1636 754 1677 aurata
770 1629 879 1678 donatus
897 1635 943 1677 est.
966 1626 1055 1690 legatis
1067 1625 1186 1674 Romanis

231 1703 246 1740 a
258 1691 420 1742 Fidenatibus
433 1693 535 1752 occisis,
554 1694 673 1757 quoniam
686 1695 718 1744 ob
731 1709 783 1745 rem
795 1695 923 1760 publicam
935 1694 1117 1752 occubuerant,
1135 1701 1185 1742 sta·

231 1766 289 1808 tuae
301 1758 326 1807 in
339 1758 437 1808 Rostris
449 1761 548 1824 positae
560 1771 627 1816 suut.
652 1761 746 1814 Cossus
760 1762 890 1813 Comelius
902 1761 1017 1812 tribunus
1029 1759 1136 1810 militum
1144 1773 1185 1810 oo·
1274 1744 1275 1792 ἶ

231 1825 282 1875 ciso
295 1825 427 1876 Tolumnio
440 1827 584 1877 Veientium
601 1843 661 1894 rege
678 1829 762 1894 opima
779 1829 861 1895 spolia
872 1827 985 1879 secunda
996 1827 1089 1876 retulit.
1112 1825 1187 1875 llam.

230 1892 352 1942 Aemilius
365 1893 471 1943 dictator
482 1909 604 1945 censurae
615 1895 724 1956 honore,
737 1896 779 1960 qtri
792 1906 865 1946 autea
874 1911 920 1962 per
931 1894 1130 1959 quinquennium
1143 1909 1186 1958 ge-

211 1993 212 2000 1
230 1961 344 2019 rebatur,
356 1960 416 2010 anni
429 1969 454 2010 et
465 1975 511 2011 sex
523 1963 649 2013 meusium
660 1963 743 2030 spatio
755 1963 827 2014 linito
840 1965 872 2014 ob
885 1977 940 2013 eam
951 1974 1031 2011 restra
1043 1961 1188 2011 censoribus
1275 1966 1276 1978 ¹

230 2035 331 2076 notatus
348 2035 396 2080 est.
425 2027 537 2078 Fidenae
553 2029 580 2079 in
597 2039 746 2095 potestatem
763 2031 893 2091 redactae,
917 2043 999 2094 eoque
1015 2027 1099 2080 coloni
1117 2028 1187 2079 missi

231 2103 303 2148 suutt
321 2095 411 2156 quibus
430 2096 521 2145 occisis
539 2097 672 2150 Fidenates
690 2113 747 2148 oum
764 2098 931 2158 deiecissent,
953 2109 968 2146 a
989 2096 1064 2146 Mam.
1081 2094 1188 2145 Aemilio

232 2159 353 2210 dictatore
361 2161 419 2210 victi
427 2171 498 2220 sunt,
510 2171 534 2210 et
543 2163 653 2213 Fidenae
660 2175 755 2232 captae.
773 2165 1047 2215 coniuratloservorum
1058 2176 1188 2228 oppressa.

231 2226 374 2277 Postumius
386 2228 502 2278 tribunus
515 2230 619 2280 militum
633 2241 735 2296 propter
752 2233 925 2282 crudelitatem
942 2232 974 2282 ab
992 2229 1104 2280 exercitu
1122 2229 1187 2279 oeci·

231 2307 275 2343 sus
293 2303 341 2342 est.
369 2294 524 2358 stipendium
541 2311 573 2346 ex
591 2298 686 2348 aerario
704 2309 757 2349 tum
773 2300 882 2364 primum
898 2299 1020 2348 militibus
1036 2298 1123 2348 dutum
1140 2304 1189 2346 est.

231 2373 271 2476 pies
283 2368 411 2476 praeterea
423 2371 510 2425 gestas
521 2360 644 2416 adversus
656 2365 765 2416 Vulsoos
784 2376 808 2417 et
819 2366 955 2417 Fidenates
967 2377 992 2415 et
1003 2365 1114 2416 Faliscos
1126 2377 1187 2414 eou-

252 2441 284 2476 na
296 2465 303 2480 .

350 2647 425 2713 ΤΙΤΙ
442 2650 516 2712 LlVl
532 2649 578 2711 ΑΒ
595 2649 695 2713 URBE
714 2651 875 2714 couniri
891 2649 1003 2711 LlBEli
1019 2649 1065 2709 iv.

200 2803 214 2852 1
296 2791 317 2852 l.
361 2790 421 2850 ilos
441 2791 534 2852 secuti
552 2789 588 2849 Μ.
613 2787 763 2851 Genucius
792 2793 821 2848 et
844 2786 873 2847 C.
898 2785 1016 2848 Curtius
1042 2782 1190 2845 consules.

231 2875 288 2935 tuit
303 2890 399 2934 nunus
416 2873 496 2935 domi
511 2872 644 2952 lorisque
659 2871 793 2933 infestus.
826 2885 894 2930 nam
912 2869 982 2930 anni
998 2867 1145 2946 principio
1162 2874 1192 2929 et

233 2957 270 3018 de
285 2955 413 3017 conubio
434 2965 553 3035 patrum
578 2962 607 3018 et
626 2953 722 3034 plebis
738 2955 769 3016 G.
793 2951 949 3015 Canuleius
969 2950 1107 3012 tribunus
1127 2949 1191 3030 ple·

200 3050 216 3098 2
234 3039 280 3103 bis
295 3041 480 3118 rogationem
501 3038 715 3119 promulgavit,
737 3054 794 3116 qua
810 3037 1004 3098 contaminari
1018 3037 1191 3113 sauguinem

223 3143 320 3186 suum
335 3132 436 3204 patres
450 3124 653 3203 confundique
667 3124 732 3184 iura
744 3122 876 3200 gentium
892 3119 1050 3189 rebantur,
1069 3132 1097 3179 et
1108 3137 1191 3180 men-

233 3210 275 3269 tio
296 3210 393 3287 primo
409 3209 520 3270 sensim
543 3206 632 3268 inlata
653 3225 669 3266 a
687 3205 831 3275 udonis,
851 3212 884 3265 ui
898 3203 1024 3265 alterum
1048 3222 1083 3264 ex
1103 3201 1193 3282 plebe

233 3291 386 3353 consulam
397 3291 501 3354 liceret
515 3293 596 3360 lieri,
612 3309 647 3352 eo
663 3291 811 3368 prooessit
823 3287 945 3358 deinde,
962 3294 995 3348 ut
1005 3287 1192 3365 rogationem

233 3391 338 3436 novam
348 3374 462 3435 tribuni
473 3374 714 3455 promulgarent,
730 3383 763 3435 ut
776 3371 888 3452 populo
901 3378 1031 3450 potestas
1049 3377 1127 3432 esset
1137 3385 1192 3430 seu

199 3460 216 3512 3
234 3457 271 3518 de
286 3456 374 3536 plebe
384 3477 438 3519 seu
455 3458 491 3519 de
505 3457 640 3537 putribus
655 3457 743 3520 vellet
757 3454 897 3518 consules
907 3454 1045 3516 laelandi.
1075 3453 1107 3515 id
1120 3469 1192 3513 vero
