2572 3956
187 252 228 316 60
375 265 469 308 maun
485 265 507 307 1.
531 264 601 306 ote.
616 256 661 312 58.
677 255 721 310 59.
748 247 786 323 [a.
802 267 832 305 u.
849 267 873 306 c.
889 244 952 320 isid}

186 415 340 493 tectusque
360 413 429 475 inde
453 413 631 491 Tarquinius
653 413 738 474 ferox
758 419 923 490 expugnato
949 411 1059 474 decore
1079 429 1142 474 mu·

186 497 275 560 liebri
290 504 382 568 esset,
403 497 539 558 Lucretia
553 504 663 558 maesta
678 502 759 557 tento
776 493 854 555 malo
868 497 1004 556 nuntium
1021 495 1145 563 Renum

187 583 314 645 eundern
329 581 367 643 ud
387 587 502 661 patrem
522 581 706 658 Ardeamque
728 578 765 640 ad
785 580 881 639 virum
902 581 1004 649 mittit,
1021 587 1055 640 ut
1077 595 1145 640 cum

187 665 312 744 siugulis
338 663 477 727 tidelilaus
499 665 601 726 amicis
622 666 753 726 veniant:
779 665 819 722 ita
842 663 921 723 iacto
940 669 1145 740 maturatoque

153 755 172 806 o
188 767 264 828 opus
278 767 358 818 essc;
374 765 439 810 rem
452 756 584 810 atrocem
600 747 749 809 incidisse.
773 747 900 824 Spurius
911 747 1067 808 Lucretius
1078 763 1145 807 cum

187 833 220 895 P.
237 833 353 894 Valerio
370 829 467 893 Volesi
482 831 553 902 tilio,
569 831 729 893 collutimrs
748 846 818 891 eum
837 829 869 890 L.
887 829 972 892 Iunio
990 829 1146 891 Brutnve·

187 918 240 987 nit,
259 931 328 977 cum
346 931 404 994 quo
422 916 499 976 forte
513 915 637 976 Romam
650 915 770 977 rediens
791 913 828 974 ab
843 917 947 975 nuntio
966 915 1069 975 uxoris
1084 919 1146 975 erat

188 1007 357 1061 conuentus
386 998 554 1060 Lucretiam
576 999 727 1060 sedentem
742 1005 883 1059 maestam
898 999 930 1058 in
948 997 1087 1058 cubiculo
1100 999 1145 1057 in·

154 1101 171 1152 7
188 1085 317 1144 venirent.
344 1081 470 1144 adventu
485 1099 607 1144 suomnn
623 1081 763 1144 lacrimae
778 1081 911 1143 obortae.
934 1083 1146 1160 quaerentique

187 1168 251 1228 viro
272 1169 369 1238 „saun
390 1165 508 1228 suver«
534 1167 696 1238 „minime“
720 1167 830 1244 inquit:
858 1166 951 1243 „quid
973 1167 1052 1226 enim
1075 1163 1145 1225 satri

189 1258 233 1313 est
245 1250 365 1312 mulieri
380 1251 486 1313 amissa
496 1249 657 1330 padicitiai
672 1251 792 1327 vestigia
806 1250 862 1311 riri
877 1248 974 1321 alieni,
994 1247 1144 1316 Godatine,

188 1337 219 1395 tn
240 1333 318 1396 lecto
339 1341 408 1396 sunt
423 1342 487 1396 tuo.
519 1339 654 1396 ceterum
675 1349 785 1412 corpus
806 1339 850 1394 est
870 1340 983 1394 tantiam
999 1331 1148 1400 violatum,

188 1420 305 1480 enimus
319 1420 437 1479 insons:
451 1435 535 1480 mors
549 1417 633 1479 testis
647 1418 712 1478 erit.
745 1417 798 1478 sed
812 1418 879 1479 date
892 1417 1029 1478 dexteras
1043 1415 1145 1477 fldem·

154 1517 171 1570 e
189 1519 246 1578 qua
261 1501 341 1563 haud
360 1503 473 1579 inpune
490 1500 623 1562 adultero
638 1500 712 1562 iore.
742 1501 808 1563 Sex.
825 1507 869 1562 est
884 1500 1080 1577 Tarquinius,
1097 1499 1146 1576 qui

187 1584 281 1646 hostis
302 1601 357 1664 pro
376 1583 493 1663 hospite
513 1586 616 1663 priore
637 1590 725 1645 nocte
745 1585 916 1646 viarmatus
930 1583 1004 1644 mihi
1019 1582 1144 1660 sibique,

153 1686 171 1739 o
188 1670 213 1730 si
229 1685 281 1729 rus
297 1669 353 1728 riri
367 1669 455 1738 estis,
474 1668 647 1746 pestiierum
661 1667 731 1728 hinc
748 1667 867 1730 obstulit
881 1668 1052 1747 gaudium.“
1078 1666 1146 1728 dant

188 1751 294 1813 ordine
311 1769 413 1813 omnes
426 1750 530 1820 tidem:
548 1749 739 1812 consolentur
749 1767 869 1829 aegram
887 1753 978 1813 animi
988 1749 1148 1812 avertendo

188 1850 297 1909 noxam
316 1833 476 1914 ebceaeta
496 1835 528 1895 in
549 1841 701 1896 auctorem
722 1833 837 1896 delicti:
869 1842 1000 1914 mertem
1020 1848 1147 1912 peccare

187 1935 249 1979 non
272 1934 398 1998 corpus,
425 1927 454 1981 et
474 1918 553 1980 unde
577 1917 735 1980 eonsilium
754 1918 876 1988 afuerit,
897 1917 1014 1998 culpam
1032 1915 1146 1978 abesse.

140 2005 281 2074 10„vos“
302 2003 399 2080 inqrdt
421 2003 587 2073 „videritis
614 2002 685 2079 quid
703 2000 747 2061 illi
766 2000 924 2080 debeatur:
951 2017 1005 2080 ego
1027 2015 1075 2062 nte
1093 2001 1148 2061 etsi

188 2093 311 2164 peccato
327 2084 455 2156 absolvo,
470 2085 617 2164 supplicio
632 2102 694 2145 non
707 2083 820 2155 liberm
834 2103 891 2150 uec
904 2083 964 2145 ulla
980 2084 1087 2146 deinde
1100 2084 1148 2144 in·

138 2174 169 2227 tt
187 2169 295 2249 pudice
311 2169 466 2231 Lucretiae
478 2168 612 2247 exemplo
623 2170 729 2230 viret.⁴‘
747 2168 886 2239 cultrum,
899 2183 989 2247 quem
1003 2166 1057 2230 sub
1069 2173 1148 2229 veste

140 2261 171 2312 12
188 2251 320 2314 abditum
342 2249 485 2332 hebedaat,
509 2269 577 2313 eum
599 2254 631 2312 in
652 2252 743 2313 corde
764 2253 873 2331 deligit,
893 2250 1094 2331 prolapsaque
1115 2251 1146 2311 in

187 2335 293 2397 ndnus
309 2333 487 2396 moribunde
503 2329 619 2397 cecidit.
650 2333 874 2397 conclamatur
890 2342 1044 2414 paterque.

156 2429 169 2481 1
248 2418 320 2480 LIX.
352 2417 461 2481 Brutus
479 2417 538 2480 illis
562 2416 644 2480 luctu
659 2421 811 2498 occupatis
831 2418 960 2480 culmum
976 2435 1013 2480 ex
1025 2416 1147 2480 volnere

187 2501 341 2565 Lucretiae
356 2509 519 2564 extructum
536 2511 674 2565 manente
688 2519 798 2565 cruere
811 2521 884 2582 prae
903 2511 1056 2566 retenens
1072 2518 1147 2581 „per

185 2585 286 2646 hunc“
303 2587 402 2663 inquit
423 2587 640 2656 „castissimum
662 2593 729 2648 ente
745 2589 858 2666 regiam
874 2586 1013 2648 iniuriam
1029 2587 1146 2664 sangui·

186 2685 256 2730 nem
270 2670 347 2739 iuro,
367 2685 489 2745 vosque,
505 2670 555 2740 dii,
573 2676 663 2733 testes
676 2671 764 2740 facio,
779 2685 827 2732 me
841 2670 874 2732 L.
885 2669 1079 2747 Tarquinium
1092 2669 1147 2730 Su-

186 2750 313 2830 perbum
334 2768 403 2811 curn
423 2752 568 2814 scelerata
591 2755 761 2832 coniugem
778 2755 861 2816 omni
874 2752 1037 2816 liberorum
1053 2753 1147 2829 stirpe

186 2834 269 2897 terro
290 2835 366 2912 igni,
389 2851 577 2914 quacumque
600 2836 708 2898 dehinc
729 2838 759 2898 ri
780 2840 909 2917 possim,
928 2841 1146 2905 exsecuturum,

187 2933 244 2978 noc
258 2916 327 2978 illos
338 2935 395 2978 nec
407 2915 496 2978 alium
508 2933 687 2996 quemquam
698 2935 825 2999 regnare
836 2921 946 2983 Romae
959 2927 1148 3002 passurum.“

154 3010 170 3058 2
188 2999 316 3060 cultrum
333 3000 441 3062 deinde
456 3000 598 3064 Collatino
617 3003 715 3076 tradit,
732 3005 802 3067 inde
819 3005 956 3067 Lucreti=
973 3023 1008 3066 ac
1019 3003 1148 3075 Valerio,

187 3084 375 3162 stupentibus
393 3085 538 3147 rnirmulo
556 3089 618 3158 rei,
640 3088 720 3149 unde
742 3104 851 3148 nerum
873 3090 904 3148 in
925 3087 1010 3149 Bruti
1024 3095 1148 3168 pectore

188 3168 349 3245 ingenium.
381 3174 414 3229 ut
433 3175 625 3250 praeceptum
640 3178 720 3240 erat,
742 3173 856 3240 iurant;
881 3173 993 3250 totique
1013 3169 1050 3232 eb
1065 3169 1148 3232 luctu

187 3253 267 3312 uersi
282 3253 315 3313 tn
327 3253 404 3314 irem
420 3250 554 3323 Brutum,
568 3255 629 3315 iam
642 3253 712 3316 inde
729 3254 767 3314 ad
779 3253 1006 3334 expugnandum
1019 3271 1148 3333 regnum

154 3341 171 3394 t
189 3349 353 3404 recentem,
372 3344 513 3396 secuntur
529 3337 644 3398 ducem.
677 3336 786 3399 elatum
805 3337 893 3399 dorne
910 3339 1065 3400 Lucretiae
1079 3354 1147 3398 eer-

188 3433 245 3496 pus
265 3419 297 3476 in
319 3417 417 3477 iorum
432 3419 581 3490 deserunt,
603 3422 800 3499 concientque
811 3421 975 3493 miraculo,
993 3429 1028 3484 ut
1040 3421 1088 3492 dt,
1102 3422 1148 3482 rei

144 3553 151 3569 ,
188 3515 281 3561 novae
303 3507 391 3576 atque
411 3501 584 3578 indignitate
603 3502 750 3567 hemines.
779 3521 835 3582 pro
855 3523 888 3567 se
906 3507 1036 3584 quisque
1050 3503 1147 3567 scelus
