2580 3954
203 197 265 258 232
365 206 521 249 sunsaiv.
548 207 619 250 car.
637 199 740 254 3⁸1.38·
770 188 812 267 [a.
831 211 861 248 u.
881 209 907 248 o.
928 193 993 268 331]

168 363 188 420 0
204 364 254 418 aut
270 358 323 426 iis,
340 374 408 416 oum
424 354 531 433 quibus
546 356 582 417 de
597 357 723 434 imperio
742 362 887 422 certetur,
912 373 967 419 nec
983 357 1090 418 doute
1108 373 1171 420 nec

204 442 343 520 patientia
359 458 416 500 nee
426 438 582 518 disciplina
596 441 642 500 rei
656 437 791 501 militaris
806 439 970 502 cedendum
986 459 1060 502 esse.
1084 439 1171 503 haud

204 542 278 584 vana
298 524 448 592 adtulere;
471 523 523 584 sod
544 541 601 585 noo
620 523 745 601 perinde
767 541 867 602 patros
887 525 959 585 moti
981 540 1063 593 suut,
1086 530 1117 586 et
1134 526 1169 587 C.

205 608 415 686 Sempronius,
434 609 481 667 oui
497 625 530 668 ea
545 607 697 686 provincia
712 607 786 668 sorti
803 609 913 674 evenit,
928 612 1079 686 tamquam
1093 625 1170 668 con-

205 693 399 752 stantissimae
413 692 473 760 rei,
490 692 626 752 fortunae
639 691 747 761 fretus,
765 691 844 768 quod
860 692 981 753 victoris
994 694 1099 770 populi
1114 691 1170 752 ad-

205 793 308 838 vorsus
333 777 426 836 victos
447 775 506 834 dux
532 781 624 844 esset,
651 776 750 835 omnia
773 782 886 836 temere
912 793 947 836 ao
974 773 1171 854 neglegenter

171 865 189 916 7
206 861 280 936 ogit,
296 859 371 920 adeo
385 865 418 919 ut
433 857 606 937 disciplinae
622 858 773 920 Romanae
787 857 855 937 plus
868 861 900 920 in
911 857 1018 920 Volsco
1034 861 1171 920 exercitu

206 959 295 1020 quam
309 945 341 1002 iu
356 941 489 1002 Romano
505 948 591 1004 esset.
622 957 694 1020 ergo
716 943 835 1003 lortuna
856 950 890 1003 ut
905 961 994 1022 saepe
1015 942 1087 1004 alias
1108 942 1171 1004 vir·

172 1031 189 1082 8
205 1033 297 1087 tutem
312 1034 357 1087 est
373 1031 482 1086 secuta.
513 1025 612 1105 primo
626 1024 757 1104 proelio,
782 1027 862 1104 quod
877 1025 914 1087 ab
930 1027 1106 1105 Sempronio
1121 1029 1170 1086 in·

207 1117 291 1171 caute
307 1109 531 1186 lnoonsulteque
549 1111 729 1171 conmissum
749 1117 807 1181 ost,
823 1127 884 1171 nou
899 1109 1039 1172 subsidiis
1053 1111 1170 1171 firmata

172 1200 189 1252 9
206 1195 286 1264 acie,
302 1211 363 1254 nou
381 1195 479 1270 equite
495 1201 562 1272 apte
576 1192 672 1254 locato
691 1211 869 1255 oenomaum
881 1201 933 1256 est.
965 1193 1077 1255 clamor
1091 1192 1170 1256 indi·

208 1280 287 1338 cium
306 1279 435 1356 primum
458 1278 527 1347 luit,
550 1295 607 1355 qua
629 1292 678 1338 res
699 1277 876 1340 inclinatura
898 1287 991 1348 esset,
1015 1278 1170 1340 excitatior

208 1359 404 1439 crebriorque
419 1357 456 1420 ab
473 1358 558 1422 hoste
573 1360 720 1431 sublatus;
743 1361 779 1422 ab
795 1361 936 1423 Romanis
954 1362 1106 1432 dissonus,
1122 1363 1170 1421 in-

207 1461 277 1524 par,
297 1446 417 1521 segnius
437 1461 525 1521 saepe
547 1442 669 1506 iteratus
684 1448 799 1507 incerto
815 1445 944 1507 clamore
965 1445 1095 1524 prodidit
1116 1451 1170 1524 pass

45 1601 46 1604 Ἴ
159 1532 191 1584 10
207 1541 309 1588 vorem
324 1529 499 1588 animorum.
532 1546 567 1590 eo
587 1529 717 1590 lerooior
737 1529 845 1592 inlatus
865 1529 958 1592 hostis
978 1547 1086 1606 urgere
1101 1547 1170 1590 sou·

207 1613 261 1681 tis,
279 1613 390 1685 micare
405 1609 520 1688 gladiis.
550 1610 694 1674 altercer
709 1622 793 1690 parte
804 1620 908 1674 autaut
918 1615 1171 1691 circumspectan-

209 1695 287 1758 tibus
302 1694 420 1774 galeae,
443 1701 473 1757 et
489 1697 597 1757 incerti
615 1696 765 1776 trepidant
784 1696 990 1776 adplicantque
1005 1715 1037 1758 se
1053 1695 1169 1758 turbae.

158 1785 189 1838 ll
209 1782 291 1860 signa
308 1799 388 1842 nuno
407 1780 770 1842 resistentiadeseruutur
791 1779 827 1841 ah
848 1782 1062 1858 antesignanis,
1089 1797 1170 1840 nuno

208 1867 286 1926 inter
307 1883 376 1926 suos
402 1864 569 1943 manipulos
589 1865 783 1943 recipiuntur.
823 1865 954 1926 noudum
981 1865 1049 1942 luga
1078 1872 1169 1933 certa,

208 1949 341 2010 nondum
352 1948 474 2008 victoria
486 1960 557 2010 erat.
586 1951 646 2026 tegi
656 1951 749 2027 magis
758 1949 908 2011 Romanus
919 1964 1007 2026 quam
1019 1965 1168 2027 pugnare:

208 2032 331 2094 Volscus
345 2032 457 2093 inlerre
473 2034 570 2111 sigua,
592 2049 701 2110 urgere
713 2035 822 2102 aciem,
847 2030 914 2111 plus
929 2031 1027 2094 caedis
1041 2031 1169 2093 hostium

208 2117 309 2178 uidere
323 2133 412 2194 quam
426 2116 522 2193 fugae.

177 2199 190 2248 1
268 2199 419 2260 xxxviii.
448 2199 509 2259 lam
525 2199 748 2261 omnibuslocis
766 2199 881 2262 ceditur
894 2198 1170 2277 nequiquamSam·
1268 2233 1269 2250 .

175 2287 191 2335 2
209 2285 317 2364 pronio
334 2281 456 2344 consule
474 2281 649 2362 obiurgante
666 2291 754 2360 atquo
768 2283 915 2344 hortante.
947 2282 1021 2343 nihil
1041 2299 1098 2344 neo
1114 2282 1170 2340 im·
1268 2335 1269 2338 ,

209 2368 326 2447 perium
341 2383 397 2427 nec
412 2366 549 2430 maiestas
563 2366 693 2436 valebat;
710 2367 836 2444 dataque
852 2385 921 2428 mox
936 2375 1019 2445 terga
1036 2363 1171 2426 hostibus

208 2453 323 2522 lerant,
347 2452 378 2511 nl
395 2450 461 2512 Ser.
478 2451 658 2531 Tempanius
679 2451 800 2512 decurio
824 2453 955 2528 equitum
976 2449 1094 2512 labente
1111 2449 1171 2508 ianr

210 2555 244 2596 re
260 2537 409 2614 praesenti
426 2536 525 2596 animo
543 2535 734 2598 subvenisset.
767 2536 819 2613 qui
836 2551 902 2594 oum
916 2543 1022 2612 magna
1032 2551 1105 2594 voce
1121 2551 1171 2594 cx·

212 2619 381 2689 clamasset,
403 2626 436 2679 ut
456 2621 587 2696 equites,
608 2621 660 2697 qui
681 2618 790 2679 salvam
813 2635 878 2679 rem
899 2617 1050 2697 publicam
1063 2613 1172 2677 vellent
1268 2649 1269 2694 ss

178 2701 294 2772 3esse,
322 2720 357 2764 ex
377 2704 462 2780 equis
483 2701 647 2774 desilirent,
677 2704 809 2762 onmium
834 2708 998 2762 turmarum
1024 2698 1172 2778 equitibus
1268 2703 1269 2782 J

211 2784 290 2846 velut
305 2785 341 2846 ad
357 2785 488 2846 consulis
502 2787 660 2865 imperium
671 2787 761 2846 motis
776 2786 854 2856 „uisi
867 2784 962 2846 haeo“
977 2785 1073 2862 inquit
1083 2799 1170 2862 „par-

211 2877 289 2929 mata
306 2869 416 2929 cohors
435 2870 512 2930 sistit
531 2870 674 2947 impetum
698 2869 840 2939 bostium,
867 2875 964 2928 actum
984 2868 1022 2929 de
1044 2867 1170 2945 imperio

213 2958 265 3013 est.
302 2953 461 3028 sequimini
489 2969 545 3031 pro
574 2951 680 3014 vexillo
709 2952 861 3030 cuspidem
882 2967 988 3012 meam.
1026 2949 1171 3012 ostendite
1268 3003 1269 3016 ,

212 3035 353 3096 Romanis
368 3034 540 3113 Volscisque
564 3053 663 3113 neque
683 3035 831 3112 equitibus
849 3032 933 3097 vohis
958 3035 1035 3096 ullos
1058 3034 1171 3112 equites

177 3121 268 3180 ineo
283 3118 431 3199 peditibus
450 3137 515 3181 esse
536 3121 651 3198 pedites
665 3127 784 3199 pares.“
813 3137 880 3180 cum
895 3118 1025 3180 clamore
1045 3133 1172 3195 conpro-

211 3202 278 3264 bata
299 3201 462 3265 adhortatio
487 3210 577 3274 osset,
599 3204 677 3265 vadit
696 3203 753 3266 alte
775 3203 926 3282 cuspidem
949 3219 1065 3281 gerens.
1102 3217 1172 3277 qua·

213 3303 338 3364 cumque
353 3287 507 3358 incedunt,
529 3289 557 3346 ui
570 3289 649 3348 viam
661 3288 788 3356 iaciunt;
806 3304 842 3349 eo
857 3306 889 3348 se
902 3288 1036 3348 inierunt
1049 3283 1172 3346 obiectis

178 3374 196 3425 b
212 3371 337 3448 parmis,
355 3369 408 3430 ubi
423 3389 545 3431 suorum
556 3369 716 3450 plurimum
727 3369 861 3432 lahorem
874 3370 981 3430 vident.
1010 3367 1173 3431 restituitur
1268 3401 1269 3442 q

214 3451 351 3514 omnibus
366 3452 440 3514 locis
459 3471 574 3532 pugna,
596 3457 628 3515 in
647 3471 721 3532 quae
738 3473 788 3516 eos
802 3456 929 3533 impetus
944 3452 1025 3523 tulit;
1049 3469 1105 3513 nec
1120 3451 1173 3512 du·
