2548 3954
396 597 787 712 ιιιιιιιι
872 558 881 576 ’

286 781 338 842 tu
360 781 478 842 URBE
501 778 697 842 CONDITA
718 779 851 842 LIBRI.

491 949 638 958 ...μ-,αμ-

147 1075 332 1136 l·'acturusue
355 1092 464 1152 operae
485 1077 612 1154 pretium
628 1076 698 1144 sim,
718 1075 743 1134 si
755 1092 771 1134 a
785 1077 949 1153 primordio
964 1075 1048 1141 turbis

85 1176 134 1232 res
156 1157 260 1237 populi
279 1157 404 1219 Romani
424 1160 662 1238 perscripserim,
683 1174 739 1218 nec
761 1159 830 1220 satis
843 1160 915 1230 scio,
933 1178 998 1230 neo,
1021 1160 1046 1222 si

85 1245 188 1312 sciam,
204 1241 305 1304 dicere
325 1243 428 1313 ausim,
447 1245 557 1322 quippe
573 1243 624 1320 qui
638 1257 706 1302 cum
721 1247 851 1304 veterem
865 1251 928 1304 tum
945 1242 1044 1322 vulga·

85 1337 144 1386 tam
168 1345 233 1388 esse
256 1343 321 1387 rem
343 1326 473 1398 videam,
496 1327 564 1388 dum
587 1326 656 1387 novi
678 1343 796 1404 semper
820 1328 981 1406 scriptores
998 1333 1047 1388 aut

85 1411 115 1469 in
137 1407 230 1471 rebus
256 1410 366 1470 certius
388 1409 499 1488 aliquid
527 1409 667 1471 allaturos
687 1427 719 1470 se
741 1416 791 1471 aut
812 1409 962 1472 scribendi
984 1421 1046 1474 orte

84 1493 192 1554 rudem
209 1499 380 1555 vetustatem
392 1501 583 1573 superaturos
596 1493 729 1555 eredunt.
746 1502 907 1573 utcumque
919 1497 984 1564 erit
1001 1495 1045 1555 iu-

86 1575 165 1638 rabit
178 1585 278 1638 tamen
290 1594 392 1638 rerum
408 1584 557 1656 gestarum
568 1579 729 1640 memoriae
742 1579 888 1658 principis
899 1585 1045 1641 temarum

85 1659 189 1739 populi
204 1677 260 1739 pro
276 1659 353 1720 ruiti
368 1669 452 1740 parte
470 1669 498 1723 et
512 1663 608 1741 ipsum
627 1661 826 1731 consuluisse;
844 1671 873 1725 et
889 1665 915 1724 si
926 1665 956 1723 in
967 1669 1044 1724 tanta
1094 1695 1097 1702 ·

84 1745 267 1823 scriptorum
288 1742 375 1806 turba
390 1763 455 1806 mea
479 1745 555 1806 fama
570 1749 601 1806 in
623 1743 751 1807 obscuro
768 1748 822 1820 sit,¹
839 1745 992 1808 nobilitate
1011 1764 1046 1808 ac

85 1827 286 1905 magnitudine
299 1845 402 1888 eorum
413 1847 470 1901 me,
484 1831 535 1907 qui
546 1829 659 1890 nomini
671 1829 801 1892 officient
812 1849 888 1901 meo,
898 1829 1044 1892 consoler.

85 1929 134 1974 res
150 1919 195 1972 est
209 1917 364 1990 praeterea
380 1919 409 1973 et
423 1913 551 1975 inmensi
569 1915 677 1992 operis,
695 1920 728 1974 ut
744 1930 819 1991 quac
834 1931 922 1992 supra
935 1914 1045 1992 septin-

84 1996 282 2072 gentesimum
297 2012 407 2056 annum
421 2003 582 2075 repetatur,
600 2004 629 2058 et
647 2015 722 2074 quae
737 1997 773 2058 ab
787 1999 900 2076 exiguis
911 1995 1043 2076 proiecta

85 2079 177 2140 initiis
195 2097 231 2139 eo
247 2081 382 2150 creverit,
403 2082 508 2142 utiam
523 2081 723 2180 magnitudine
738 2080 855 2144 laboret
868 2098 936 2149 sua:
959 2088 987 2143 et
1001 2079 1044 2143 ie·

84 2163 217 2240 gentium
236 2161 387 2240 plerisque
402 2161 480 2226 haud
497 2163 598 2227 dubito
615 2166 686 2243 quin
702 2166 815 2244 primae
829 2166 958 2244 origines
973 2182 1044 2244 pro·

84 2247 223 2322 annaque
245 2245 410 2324 originibus
433 2247 531 2310 minus
544 2247 716 2328 praebitura
739 2248 895 2329 uoluptatis
912 2250 979 2320 sint,
1001 2247 1044 2310 ie·

77 2327 262 2390 ,stinsntibus
283 2330 411 2392 adhaec
432 2348 515 2404 nova,
539 2332 669 2411 quibus'
661 2351 720 2395 ram
742 2333 857 2411 pridem
871 2331 1044 2411 praevalen-

85 2413 120 2474 tis
137 2411 283 2492 populi
257 2431 335 2476 ures
346 2433 378 2476 se
392 2417 474 2493 ipsae
486 2416 654 2477 conficiunt.
672 2433 726 2494 ego
739 2423 843 2477 contra
854 2416 911 2476 hoo
924 2433 1043 2494 quoque
1058 2420 1078 2473 o

86 2496 198 2557 tatoris
218 2498 384 2575 praemium
405 2505 519 2577 petam,
545 2507 577 2560 ut
596 2517 647 2590 me
668 2519 684 2562 a
704 2509 865 2579 conspectu
888 2498 1043 2568 maiorum,

86 2597 162 2658 quae
176 2587 277 2642 nostra
293 2587 336 2641 tot
346 2598 401 2660 per
415 2598 509 2643 annos
524 2560 605 2643 vidit
605 2590 693 2651 aetas,
709 2584 852 2662 tantisper
864 2587 954 2653 certe,
974 2581 1043 2642 dum

86 2665 182 2742 prisca
203 2669 262 2724 tota
281 2662 330 2724 illa
344 2671 444 2726 mente
461 2673 574 2744 repeto,
598 2673 734 2736 avertam,
760 2667 856 2726 omnis
872 2683 978 2744 expers
993 2683 1043 2726 cu

86 2764 146 2816 rae,
162 2763 237 2823 quae
253 2745 411 2808 scribentis
426 2749 556 2809 animum
571 2751 626 2810 etsi
640 2766 700 2810 non
719 2749 839 2811 sseetere
856 2769 871 2808 a
890 2767 970 2819 rero,
985 2748 1043 2809 soi-

87 2829 200 2890 iicitum
219 2838 315 2892 tamen
332 2832 451 2894 efficere
466 2840 573 2909 posset.

142 2917 222 2988 Quae
239 2924 305 2978 ante
322 2917 469 2978 conditam
484 2916 703 2977 condendamve
716 2913 821 2976 urbem
834 2916 961 2993 poeticis
976 2931 1037 2974 ma·
1057 2923 1073 2970 6

89 3004 134 3080 gis
150 3001 258 3062 decora
269 3000 379 3062 sabulis
392 3019 481 3083 quam
494 3000 677 3080 incorruptis
691 3017 793 3062 rerum
808 3005 960 3076 gestarum
976 3015 1038 3057 mo·
1124 3055 1126 3059 ,

90 3089 240 3148 numentis
255 3085 423 3155 traduntur,
435 3103 470 3147 ea
479 3103 534 3146 nec
546 3084 702 3146 adfirmare
711 3102 767 3145 nec
778 3082 920 3145 refellere
930 3085 961 3141 in
975 3083 1038 3141 ani·

89 3189 137 3231 mo
148 3177 205 3232 est
229 3169 314 3232 datur
324 3170 398 3230 haee
409 3171 494 3231 venia
504 3171 683 3248 antiquitati
702 3176 735 3228 ut
746 3167 898 3228 miscendo
912 3167 1040 3227 humana
1090 3191 1097 3203 ·

91 3253 198 3316 divinis
213 3253 377 3334 primordie
390 3253 510 3315 urbium
526 3255 695 3331 augustiora
711 3252 809 3312 saciat
839 3251 909 3311 etsi
924 3251 972 3310 eui
987 3267 1039 3328 po·

90 3339 158 3418 puio
178 3339 271 3399 licere
293 3345 411 3418 oportet
431 3355 605 3399 consecrare
628 3337 762 3414 origines
781 3353 850 3396 suas
872 3334 952 3396 etad
969 3334 1041 3395 deos

90 3424 206 3484 reterre
227 3430 378 3490 auctores,
401 3441 434 3484 ea
456 3420 527 3483 belii
547 3421 641 3500 gioria
657 3427 703 3482 est
716 3418 826 3502 populo
840 3417 981 3487 Romano,
997 3425 1040 3488 ut,

123 3554 339 3596 rwcmrusr
465 3577 470 3586 ,
873 3524 889 3584 l
