2572 3956
175 192 235 252 142
351 205 447 247 arnna
462 205 510 248 m.
536 205 607 248 oar.
623 196 666 251 17.
682 197 725 250 18.
750 185 789 268 [a.
804 207 836 247 u.
852 207 878 248 e.
894 186 956 267 294]

139 361 253 414 lnent.
284 351 358 414 haee
379 353 461 415 robis
483 354 578 416 lorma
601 371 689 415 sanae
712 354 835 416 civitatis
857 353 989 414 videturi
1018 360 1131 413 tantum
1171 339 1180 351 ’

173 437 301 497 hostium
318 454 380 496 non
395 437 490 498 solum
509 439 587 498 intra
607 455 709 498 muros
730 446 790 508 est,
812 437 865 498 sed
886 438 917 498 in
935 453 1018 508 moe,
1041 454 1142 516 supra.

172 521 270 581 forum
290 521 474 599 curiamque:
506 523 624 583 comitia
644 523 763 586 interim
777 522 809 581 in
824 521 890 582 loro
908 527 991 590 sunt,
1012 527 1133 582 senatus

174 607 205 665 in
219 606 302 665 ouria
315 611 375 672 est;
393 603 473 667 velut
488 622 555 669 oum
568 607 662 669 otium
676 611 810 683 superat,
826 611 945 666 senator
957 605 1131 666 sententiam

139 689 261 757 edicit,
283 685 334 748 alii
349 685 477 756 Quirites
499 688 670 766 suffragium
692 690 805 748 meunt.
835 705 897 748 non
916 687 1058 764 quidquid
1079 705 1131 766 pa·

172 778 252 833 num
268 769 422 850 plebisque
437 778 494 841 est,
516 771 654 837 consides
676 769 828 842 tribunos,
850 771 922 834 deos
935 769 1131 847 hominesque

65 885 72 891 ·
174 873 276 916 omnes
291 861 418 918 armatos
435 871 523 934 opem
538 853 633 926 ferre,
655 857 687 918 in
702 853 877 932 Capitolium
892 872 1032 924 currere,
1056 853 1130 914 libe·

173 957 242 1000 rare
256 956 290 998 ao
311 954 419 1014 parare
438 939 675 1014 augustissimam
688 936 776 1000 -illarn
795 938 916 1007 domitur
938 937 1013 1004 lovis
1027 939 1131 1017 optimi

140 1021 293 1084 omaximi
315 1020 433 1080 decuit?
468 1020 594 1085 Romule
612 1026 714 1099 pater,
742 1027 926 1090 tumentem
950 1028 1046 1092 tuam,
1072 1037 1131 1098 qua
1236 1030 1241 1035 '

175 1103 324 1182 quondam
341 1121 441 1170 aroem
455 1103 490 1174 ab
506 1103 552 1167 his
573 1103 668 1169 isdem
686 1103 802 1168 Sabirtis
823 1123 896 1174 auro
912 1111 1027 1184 neptam
1045 1122 1131 1166 rece·

173 1189 259 1268 pisti,
282 1187 318 1251 da
340 1188 425 1266 stirpi
444 1194 520 1250 tuae.
551 1187 621 1252 iube
641 1187 718 1253 hano
738 1188 855 1266 ingredi
877 1191 970 1259 dam,
991 1205 1080 1266 quam
1098 1194 1129 1248 to
1196 1202 1198 1205 ’

174 1272 249 1342 dux,
271 1289 358 1348 quam
373 1277 441 1336 tum
457 1272 610 1350 ingressus
629 1275 779 1337 exereitus
799 1279 851 1339 est
883 1274 997 1351 primus
1013 1289 1050 1334 en
1075 1288 1130 1349 ego

175 1353 293 1424 consul,
316 1362 456 1432 quantum
469 1354 601 1419 morlahs
616 1357 704 1418 deum
714 1373 853 1433 possum,
874 1362 904 1417 te
925 1374 959 1418 ao
979 1363 1030 1421 tua
1044 1355 1117 1416 vesti

140 1453 156 1501 r
174 1441 221 1517 gia
235 1446 374 1514 sequar.“
401 1437 536 1502 numum
548 1439 693 1508 'amnonis
706 1440 776 1506 luit:
796 1459 828 1503 se
842 1456 923 1500 mma
940 1441 1063 1518 capere,
1080 1455 1130 1497 vo·

175 1540 244 1584 care
255 1539 358 1584 omnes
370 1519 502 1590 Quirites
511 1521 547 1592 ad
560 1539 659 1592 arnam
676 1525 703 1584 si
719 1523 926 1601 quiinpediat,
944 1524 1002 1589 ianr
1013 1541 1046 1584 se
1059 1539 1131 1586 oon·

174 1603 281 1667 solaris
295 1605 425 1685 imperii,
446 1606 505 1668 iam
525 1605 702 1670 tribuniciae
720 1607 871 1685 potestatis
890 1612 1132 1681 sacratarumque

175 1690 274 1765 legum
288 1685 428 1759 oblitum,
445 1689 578 1766 quisquis
595 1687 708 1760 illesit,
728 1690 908 1768 ubicumque
923 1691 977 1760 sit,
999 1691 1030 1752 in
1045 1688 1131 1766 Capi-

140 1771 262 1841 8tolio,
287 1773 318 1832 in
340 1772 422 1844 loro,
449 1789 505 1850 pro
532 1773 617 1836 hoste
638 1772 817 1841 habiturum.
853 1773 991 1837 inherent
1008 1771 1130 1840 tribuni,

175 1857 315 1934 quoniam
334 1856 367 1916 in
381 1856 509 1935 appiam
525 1856 708 1921 Herdonium
723 1863 869 1930 veterent,
891 1859 923 1918 in
937 1857 970 1918 P.
982 1855 1131 1918 Valerium

176 1938 328 2002 consulem
343 1940 426 2016 sumi
435 1957 533 2002 arma:
552 1958 693 2008 ausurtnn
709 1959 741 2010 se
752 1942 784 2002 in
798 1940 940 2010 tribunis,
956 1939 1035 2018 qnod
1047 1940 1131 2018 prin·

139 2037 245 2102 ticeps
262 2021 400 2084 familiae.
412 2041 483 2086 suae
502 2041 591 2087 ausus
612 2025 644 2089 in
663 2023 786 2102 regibus
803 2032 889 2086 esset
919 2025 978 2088 vim
998 2023 1131 2086 ultimam

175 2105 335 2186 apparebat
361 2105 491 2183 futuram
519 2106 748 2187 spectandoque
772 2106 947 2172 seditionem
967 2105 1131 2168 Romanam

174 2188 309 2250 hostibus
326 2189 417 2256 lorea
431 2207 488 2251 neo
504 2189 553 2254 les
573 2197 672 2261 tamen
692 2191 766 2257 femi
778 2209 836 2255 uso
850 2191 895 2254 ire
908 2193 940 2254 iu
956 2189 1131 2268 Capitolium

177 2271 279 2335 consul
301 2273 404 2351 potnit.
435 2290 495 2337 nox
517 2275 677 2343 emunire
701 2283 805 2354 ooepta
829 2276 992 2354 oppressit;
1018 2272 1132 2336 tribuni

127 2372 159 2426 ιο
176 2374 294 2421 cessere
308 2357 387 2416 noeti
403 2357 541 2420 timentes
555 2356 710 2422 consulum
730 2377 821 2420 arma
853 2360 957 2420 amotis
971 2357 1041 2424 inde
1054 2356 1131 2418 sedi·

176 2441 265 2501 tionis
279 2438 451 2501 auctoribus
464 2448 564 2520 patres
580 2442 738 2504 circumire
757 2440 891 2522 plebem,
908 2443 1131 2518 inserentesque

176 2543 209 2588 se
224 2525 255 2586 iu
270 2522 397 2586 circulos
412 2541 565 2589 sermones
579 2527 706 2605 tempori
726 2533 810 2605 aptos
825 2542 940 2598 seona,
956 2525 1130 2594 admonere,

175 2615 210 2672 ut
223 2608 370 2678 viderent,
385 2609 416 2669 in
430 2609 509 2688 quod
524 2609 683 2676 disoriuaen
698 2627 763 2676 rem
776 2609 924 2688 pubhoeu
938 2609 1133 2674 addueerent.

127 2702 158 2753 11
176 2709 237 2754 nou
253 2693 332 2753 inter
348 2697 498 2770 petrosae
513 2691 632 2772 plebem
647 2697 797 2761 certamen
809 2713 894 2764 *essm
906 2693 961 2757 sed
976 2691 1062 2756 sunul
1079 2709 1132 2768 pa·

176 2782 239 2837 tres
261 2773 455 2854 plebemque,
479 2794 578 2840 arcem
596 2775 695 2849 rubis,
715 2776 825 2856 templa
846 2777 985 2847 deorum,
1008 2781 1132 2854 penates

129 2871 159 2922 12
176 2857 312 2938 puhlioos
326 2859 516 2938 privatosque
531 2858 666 2944 hostibus
681 2860 757 2928 dodi·
786 2861 857 2926 dum
871 2859 945 2924 haee
960 2861 991 2922 in
1004 2859 1074 2921 loro
1084 2876 1131 2918 se·

177 2941 291 3004 dandae
310 2941 476 3006 discordiae
497 2961 586 3010 eausa
604 2951 745 3022 aguntur,
770 2943 910 3016 eonsules
929 2945 1063 3012 interim,
1091 2959 1131 3003 ne

177 3025 293 3097 Sabini,
308 3043 368 3088 neu
379 3025 486 3090 Veiens
499 3027 593 3091 hostis
605 3034 789 3099 moveretur,
803 3029 884 3090 oiroa
899 3033 1000 3107 portas
1015 3043 1133 3096 muros·

176 3127 235 3190 qne
249 3111 454 3174 discesserant.

144 3206 157 3259 1
238 3193 337 3256 XVlll.
365 3194 476 3262 Eodem
488 3201 578 3258 noete
590 3202 624 3258 et
633 3193 794 3260 Tusoidum
809 3194 846 3256 de
860 3211 930 3263 areo
944 3201 1029 3272 oapta
1044 3191 1130 3270 Capi·

161 3275 308 3357 lolioque
323 3286 467 3360 oooupato
488 3278 593 3342 etalio
614 3278 749 3344 turbatae
768 3277 851 3340 urhis
873 3283 951 3343 statu
966 3278 1063 3338 nuntii
1081 3293 1131 3336 ve·

142 3361 270 3424 onium.
301 3361 334 3422 h.
351 3361 498 3427 Mamhlus
512 3363 633 3428 luerim
652 3371 724 3428 tum.
737 3363 862 3426 hetam
880 3367 953 3430 erat.
985 3363 1011 3422 is
1029 3357 1132 3427 oonle·

176 3444 245 3508 stim
266 3454 427 3508 oonvooato
456 3453 560 3510 senatu
580 3454 667 3525 atque
688 3446 862 3525 introductis
890 3447 1002 3519 nuntiis
1022 3459 1131 3522 magno
