2580 3954
238 245 301 309 246
350 258 446 300 nuens
460 257 503 302 rr.
530 256 601 300 oen.
618 249 660 302 51.
677 245 722 301 52·
737 247 781 301 5³·
812 237 852 314 [u.
867 257 898 296 u.
915 256 941 296 e.
958 237 1087 314 est-³45]

239 408 371 486 legiones
385 407 490 468 ductae
505 422 522 465 a
535 405 626 466 Furio
644 402 765 466 conside
780 419 848 463 cum
861 400 978 464 hostem
991 401 1034 462 ibi
1043 419 1106 463 non
1118 404 1206 467 inve·

240 493 368 561 nissent,
383 490 589 559 Ferentinum,
611 504 670 565 quo
681 504 788 566 magna
802 484 958 548 multitudo
976 484 1157 548 Volscorum
1171 507 1204 550 se

205 587 222 638 8
240 575 419 644 contulerat,
436 589 554 652 cepere.
579 573 677 634 minus
691 571 820 651 praedae
831 586 920 647 quarn
930 577 1122 648 speraverant
1133 571 1204 643 fult,

239 658 319 738 quod
334 656 447 728 Volsci,
469 663 625 736 postquam
645 673 714 735 spes
728 653 832 716 tuendi
851 654 956 730 exigua
977 660 1054 724 erat,
1075 652 1203 717 sublatis

238 741 329 804 rebus
344 749 431 804 nocte
446 741 588 819 oppidum
602 738 796 818 reliquerunt
828 743 949 816 postero
966 737 1014 800 die
1035 753 1132 816 prope
1148 739 1203 801 de·

239 832 351 887 sertum
365 827 488 904 capitur.
519 823 657 885 Hernicis
672 825 771 902 ipsum
785 837 916 900 agerque
935 821 1013 882 dono
1029 821 1124 882 datus.

206 919 220 969 1
298 907 357 969 LlI.
392 909 510 969 sanum
537 907 680 968 modestia
710 906 901 967 tribunorum
926 907 1059 982 quietum
1081 908 1203 984 excepit

236 991 374 1053 tribunus
390 989 486 1070 plebis
504 991 537 1052 L.
552 989 653 1052 Icilius
669 988 703 1058 Q.
718 989 810 1050 rabie
824 987 968 1050 Ambusto
988 987 1018 1049 (f.
1036 987 1127 1050 Furio
1141 988 1202 1050 Pa·

203 1090 220 1140 2
238 1074 296 1136 cilo
312 1073 492 1137 consulibus.
522 1076 630 1136 iscum
651 1075 799 1154 principio
817 1073 915 1134 statim
938 1073 1009 1132 anari
1024 1071 1102 1133 velut
1122 1089 1202 1150 pen·

236 1177 302 1221 sum
317 1160 446 1220 nominis
467 1156 655 1235 familiaeque
675 1157 835 1219 seditiones
850 1157 975 1233 agrariis
992 1153 1109 1234 legibus
1125 1172 1201 1234 pro·

202 1257 219 1310 a
236 1241 402 1320 mulgandis
413 1243 521 1312 cieret,
532 1241 699 1320 pestilentia
711 1246 829 1310 coorta,
840 1240 985 1300 minacior
995 1244 1096 1300 tamen
1106 1255 1200 1316 quam

236 1327 447 1405 perniciosior,
466 1327 658 1403 cogitationes
677 1324 831 1386 hominum
848 1340 865 1384 a
886 1322 953 1384 foro
970 1321 1200 1386 certaminibus·

238 1427 295 1487 que
318 1409 446 1489 publicis
467 1408 505 1470 ad
519 1409 640 1470 domum
659 1425 820 1485 curamque
842 1423 1002 1486 corporum
1021 1407 1199 1468 nutriendo·

195 1489 198 1496 ’
235 1511 304 1554 rum
317 1494 435 1562 avertit;
459 1493 615 1569 minusque
630 1509 696 1553 eam
715 1491 887 1553 damnosam
903 1491 993 1552 fuisse
1010 1507 1098 1568 quam
1118 1491 1198 1552 sedi·

202 1577 277 1636 etio
300 1575 399 1636 futura
422 1575 512 1637 fuerit
531 1575 664 1637 eredunt.
694 1573 838 1636 Defuncto
858 1575 973 1636 civitate
997 1573 1196 1652 plurimorum

235 1658 363 1730 morbis,
390 1660 547 1737 perpaucis
566 1658 737 1730 funeribus,
759 1657 946 1738 pestilentem
965 1675 1075 1720 annum
1093 1659 1196 1738 inopia

235 1743 354 1821 frugum
366 1741 502 1820 neglecto
518 1741 599 1802 cultu
617 1760 772 1820 agrorum,
796 1750 830 1804 ut
843 1742 1019 1821 plerumque
1038 1742 1086 1812 fit,
1108 1759 1196 1804 exce-

201 1827 279 1904 opit
299 1826 336 1886 bf.
351 1827 470 1904 Papirio
485 1826 617 1888 Atratino
635 1827 666 1889 C.
681 1826 786 1888 Nautio
803 1826 902 1888 llutilo
924 1823 1104 1887 consulibus.
1134 1826 1196 1886 iam
1272 1887 1273 1896 ,

234 1909 330 1972 fames
345 1926 432 1987 quam
446 1908 612 1992 pestilentia
628 1912 741 1972 tristior
755 1917 832 1981 erat,
845 1911 878 1971 ni
893 1909 1022 1972 dimissis
1037 1909 1118 1970 circa
1130 1926 1195 1970 om·

234 2011 288 2054 nes
308 1993 435 2072 populos
455 1992 573 2072 legatis,
596 1995 648 2074 qui
663 1995 820 2056 Etruscum
834 2011 917 2056 mare
932 1993 1043 2071 quique
1058 1991 1185 2054 Tiberin

234 2074 384 2147 accolunt,
404 2076 442 2138 ad
457 2077 639 2138 frumentum
654 2079 847 2140 mercandum
867 2093 1003 2139 annonae
1024 2076 1102 2137 foret
1122 2075 1179 2137 sub

200 2165 361 2221 tuentum.
399 2160 528 2239 superbe
549 2160 586 2222 ab
608 2161 804 2233 Samnitibus,
827 2163 879 2241 qui
894 2161 1024 2239 Capuam
1043 2157 1194 2220 habebant

234 2243 414 2320 Cumasque,
429 2242 517 2322 legati
528 2243 671 2322 prohibiti
683 2247 861 2308 commercio
874 2251 957 2314 sunt,
973 2249 1078 2306 contra
1092 2261 1127 2306 ea
1138 2241 1192 2304 be·

233 2328 323 2403 nigre
337 2325 374 2387 ab
392 2326 560 2389 Siculorum
575 2330 707 2406 tyrannis
718 2330 819 2390 adiuti.
851 2331 995 2390 maximos
1011 2333 1191 2388 commeatus

199 2423 216 2471 7
233 2426 348 2471 summo
363 2409 499 2472 Etruriae
510 2411 606 2472 studio
622 2411 738 2474 Tiberis
753 2413 876 2474 derexit.
905 2409 1094 2474 solitudinem
1107 2412 1139 2470 ln
1149 2411 1176 2471 ci
1270 2461 1271 2480 ς

231 2494 319 2555 vitate
334 2511 421 2572 aegra
436 2497 549 2574 experti
564 2496 699 2558 consules
714 2504 797 2567 sunt,
821 2514 889 2558 cum
902 2497 935 2556 in
951 2494 1114 2572 legationes
1129 2511 1187 2553 non
1270 2507 1271 2510 ’

231 2577 299 2657 plus
325 2577 449 2655 singulis
475 2579 661 2640 senatoribus
688 2581 871 2643 invenientes
891 2580 985 2641 coacti
1012 2585 1081 2639 sunt
1104 2577 1186 2637 binos

198 2671 215 2723 8
233 2663 346 2737 equites
360 2661 488 2722 adicere.
521 2671 730 2741 praeterquam
746 2662 783 2724 ab
797 2663 903 2725 morbo
921 2677 1099 2739 annonaque
1116 2660 1187 2722 nihi

233 2763 267 2805 eo
285 2742 406 2805 biennio
421 2747 553 2806 intestini
573 2749 721 2808 externive
741 2747 922 2808 incommodi
932 2747 995 2806 fuit
1027 2752 1056 2806 at
1070 2744 1122 2806 ubi
1138 2763 1186 2805 eae
1269 2773 1270 2796 a

232 2826 443 2888 sollicitudines
457 2829 637 2900 discessere,
651 2832 766 2901 omnia,
782 2829 890 2909 quibus
900 2829 1016 2891 turbari
1029 2827 1114 2890 solita
1127 2835 1186 2890 erat

232 2911 348 2979 civitas,
364 2910 444 2970 domi
452 2911 618 2984 discordia,
634 2914 707 2975 foris
721 2914 833 2976 bellum
848 2920 992 2976 exortum.

199 3004 213 3055 1
291 2992 364 3054 Llll.
393 2991 440 3055 Μ’.
456 2994 580 3057 Aemilio
597 2997 628 3058 C.
640 2997 757 3059 Valerio
773 2999 869 3059 Potito
891 2994 1062 3059 consulibus
1075 2993 1187 3057 bellum

230 3077 324 3156 Aequi
344 3077 489 3157 parabant
509 3077 621 3142 Volscis
641 3098 817 3160 quamquam
837 3099 898 3143 non
920 3079 1039 3160 publico
1063 3077 1185 3140 consilio

230 3161 452 3239 capessentibus
468 3181 564 3234 arma,
581 3163 752 3227 voluntariis
766 3166 905 3228 mercede
920 3166 1028 3227 secutis
1043 3163 1185 3224 militiam.

195 3257 212 3306 2
229 3244 266 3305 ad
280 3262 408 3322 quorum
421 3247 529 3308 famam
542 3246 670 3310 hostium
686 3282 722 3296 -
741 3250 800 3310 iam
818 3250 897 3312 enim
915 3250 948 3310 in
958 3249 1095 3310 Latinum
1111 3246 1186 3308 lier-

228 3329 388 3407 nicumque
416 3331 662 3395 transcenderant
689 3350 794 3412 agrum
814 3367 849 3380 -
870 3332 1010 3396 dilectum
1027 3330 1185 3394 habentem

228 3409 377 3473 Valerium
405 3413 556 3476 consulem
583 3417 621 3478 ll.
643 3418 797 3480 llenenius
815 3417 953 3478 tribunus
972 3415 1083 3496 plebis,
1111 3412 1185 3492 legis

229 3491 361 3572 agrariae
382 3494 471 3568 lator,
495 3515 562 3558 cum
581 3500 750 3579 impediret,
775 3500 943 3579 auxilioque
963 3499 1074 3560 tribuni
1096 3515 1185 3560 nemo
