2572 3956
135 224 137 228 ¹
212 231 271 294 116
347 245 441 286 nisan
457 245 492 285 11.
521 243 590 286 car.
605 235 649 288 al·
664 237 706 289 55.
733 223 772 306 [a.
789 199 818 286 ut
835 247 860 290 o.
875 235 936 289 281.
949 221 1011 304 idi]

209 395 423 458 ministratione
436 394 480 455 rei
495 391 631 470 publicae
646 391 825 460 abstineant;
845 391 1015 454 consulares
1030 409 1100 454 vero
1115 391 1159 453 iai

209 495 282 548 sces,
295 483 476 555 praetextam
488 474 680 554 curulemque
691 475 792 538 sellam
805 475 877 535 nibil
887 473 1062 554 aliudquam
1073 493 1158 554 pom·

208 579 276 640 pam
294 561 407 622 luneris
423 563 542 638 putent;
558 558 646 621 claris
659 558 824 637 insignibus
838 558 917 620 velut
931 558 1031 619 inlulis
1046 559 1158 620 relatos

175 644 245 712 aad
268 649 394 706 mortem
417 643 566 705 destinari.
595 643 717 721 quodsi
737 641 906 702 consulatus
928 647 1007 702 tanta
1032 641 1157 704 dulcedo

210 730 260 798 sit,
278 728 337 788 iam
348 733 418 788 tnnc
434 729 473 787 ita
484 729 514 786 in
526 729 656 786 animum
670 725 827 792 inducant,
840 724 1025 786 consulatum
1039 731 1157 804 captum

210 817 239 873 et
255 827 428 888 oppressum
440 809 476 868 ab
494 806 654 868 tribunicia
674 811 819 885 potestate
834 824 912 876 esse;
933 807 1063 878 consuli,
1079 807 1159 869 velut

209 893 371 971 apparitori
387 889 561 960 tribunicio,
582 892 680 950 onmia
696 889 732 950 ad
747 895 850 950 nutum
871 890 1087 969 imperiumque
1104 893 1158 952 tri·

175 985 192 1036 t
208 974 281 1036 bnui
295 973 407 1052 agenda
418 991 490 1035 essa.
518 975 543 1034 si
560 991 591 1034 se
606 973 810 1042 commoverit,
829 974 854 1032 si
869 975 1034 1051 respexerit
1047 980 1156 1052 patres,

208 1061 233 1119 si
247 1057 326 1118 aliud
339 1075 428 1136 quam
440 1055 557 1134 plebem
569 1075 633 1118 esse
644 1057 676 1118 iu
687 1053 849 1132 republica
860 1057 1028 1128 crediderit,
1046 1091 1081 1102 -
1097 1059 1157 1120 exi·

208 1141 280 1202 lium
292 1142 343 1203 Cn.
360 1141 465 1210 Marci,
477 1140 595 1200 bleneni
603 1139 821 1200 damnationem
833 1144 862 1200 et
877 1145 1002 1200 mortem
1017 1139 1073 1200 sibi
1087 1159 1158 1220 pro·

175 1240 191 1288 7
208 1230 320 1303 ponant
344 1230 412 1286 ante
432 1222 543 1284 oculos.
566 1223 613 1284 his
636 1222 753 1284 accensi
774 1220 895 1282 vocibus
915 1227 1015 1300 patres
1036 1223 1159 1284 consilia

207 1308 277 1370 inde
298 1325 357 1368 non
378 1305 497 1385 publica
516 1305 568 1369 sed
598 1308 629 1366 in
653 1307 767 1385 privato
789 1305 968 1382 seductaque
993 1323 1009 1366 a
1029 1305 1158 1383 plurium

209 1391 388 1452 conscientia
402 1389 543 1452 habuere.
570 1387 623 1450 nbi
638 1407 706 1450 cum
721 1389 753 1450 id
762 1388 849 1449 modo
863 1394 1025 1459 constaret,
1043 1390 1109 1451 iure
1121 1407 1158 1450 an

207 1475 316 1536 iniuria
331 1472 499 1550 eripiendos
510 1490 576 1534 esse
591 1490 673 1542 reos,
690 1472 872 1534 atrocissima
884 1489 1018 1550 quaeque
1033 1475 1161 1534 maxime
1278 1545 1279 1558 χ

207 1555 344 1636 placebat
363 1557 523 1624 sententia,
547 1572 602 1617 nec
623 1561 726 1616 auctor
749 1557 880 1635 quamvis
906 1555 1009 1616 audaci
1034 1555 1160 1618 facinori

175 1640 319 1702 adserat.
335 1639 425 1716 igitur
446 1639 548 1698 iudicii
564 1639 611 1700 die
626 1657 694 1700 curn
714 1639 797 1717 plebs
817 1640 849 1699 in
868 1639 933 1701 loro
957 1645 1055 1700 erecta
1072 1654 1160 1718 expe·
1278 1675 1279 1722 1

210 1723 338 1784 clatione
352 1727 457 1790 staret,
479 1722 582 1782 mirari
596 1724 707 1801 primo,
728 1722 807 1802 quod
821 1740 882 1783 non
897 1723 1092 1785 descenderet
1108 1726 1161 1783 tri·

209 1805 321 1874 bunus;
340 1804 423 1875 dein,
439 1822 507 1866 eum
522 1807 581 1868 iarn
596 1824 679 1868 mora
691 1807 856 1884 suspectior
872 1806 973 1876 lieret,
987 1805 1161 1867 deterritum

209 1907 225 1950 a
242 1887 423 1967 primoribus
442 1889 580 1960 credere,
602 1895 631 1951 et
650 1888 797 1952 desertam
815 1907 856 1952 aa
872 1889 1020 1968 proditam
1042 1907 1161 1952 causam

174 1971 358 2051 npublicam
382 1973 481 2050 queri;
508 1971 628 2034 tandem
648 1973 698 2052 qui
720 1973 868 2034 obversati
881 1971 1025 2034 vestibulo
1048 1971 1161 2034 tribuni

209 2055 327 2116 inerant
340 2057 477 2116 nuntiant
490 2056 570 2116 domi
584 2062 735 2118 mortuum
745 2075 811 2118 esse
825 2059 985 2118 inventum.
1014 2056 1093 2135 quod
1110 2055 1161 2116 ubi
1278 2043 1279 2068 ¹

208 2139 240 2198 in
256 2144 347 2200 totam
363 2140 531 2200 contionem
550 2139 673 2218 pertulit
693 2157 810 2208 rumor,
831 2141 909 2202 sicut
928 2141 1007 2202 acies
1028 2139 1161 2200 funditur
1278 2145 1279 2202 t

209 2223 285 2284 duce
296 2223 405 2292 occiso,
421 2224 461 2282 ita
472 2222 578 2302 dilapsi
594 2225 703 2301 passim
716 2222 765 2282 alii
780 2223 847 2284 alio.
876 2225 1055 2301 praecipuus
1070 2241 1161 2302 paror

209 2304 345 2366 tribunos
356 2306 518 2376 invaserat,
535 2325 623 2386 quam
634 2305 708 2368 nihil
721 2305 820 2368 auxilii
831 2312 965 2370 sacratae
976 2305 1057 2384 leges
1069 2305 1160 2367 habe·

209 2395 291 2459 rent,
307 2395 402 2452 morte
419 2389 551 2467 collegae
565 2391 702 2451 monitos.
732 2407 787 2451 nec
803 2396 905 2469 patres
923 2391 993 2452 satis
1009 2391 1161 2452 moderate
1278 2393 1279 2450 l

162 2489 192 2540 ιο
209 2472 288 2534 serre
308 2471 463 2542 laetitiam:
488 2473 621 2552 adeoque
638 2475 786 2535 nemiuem
803 2475 908 2536 noxiae
925 2473 1107 2552 paenitebat,
1127 2480 1162 2534 ut
1278 2479 1279 2488 ’

210 2557 298 2618 etiam
321 2557 453 2619 insontes
469 2557 575 2618 iecisse
596 2557 689 2618 videri
707 2556 830 2627 vellent,
854 2556 1014 2637 palamque
1032 2557 1161 2619 terretur
1278 2595 1279 2598 =

210 2639 286 2700 malo
303 2639 478 2700 domandam
497 2639 688 2702 tribuniciam
700 2647 886 2719 potestatem.

177 2740 190 2788 1
272 2721 328 2784 LV.
358 2723 423 2784 Sub
438 2723 494 2784 han
509 2724 630 2802 pessimi
646 2724 773 2803 exempli
788 2725 910 2786 uictoria
928 2723 1052 2789 dilectus
1071 2724 1161 2786 edici·
1278 2721 1279 2742 l

208 2805 528 2884 turs-paventibusque
546 2806 673 2868 tribunis
691 2810 755 2870 sine
774 2809 988 2870 intercessione
1009 2806 1069 2868 ulla
1088 2825 1160 2867 con·

174 2887 288 2955 nsules
309 2906 373 2950 rem
396 2896 551 2967 peragunt.
587 2897 651 2952 tum
667 2910 735 2954 vero
756 2892 846 2953 irasci
868 2890 954 2971 plebs
971 2889 1160 2952 tribunorum

208 2973 301 3048 magis
317 2970 434 3032 silentio
452 2991 541 3052 quam
562 2974 718 3036 consulum
735 2976 876 3055 imperio,
902 2982 932 3037 et
946 2975 1046 3036 dicere
1062 2981 1161 3036 actum

209 3055 323 3118 essedo
337 3055 472 3119 libertate
486 3074 555 3128 sua,
570 3077 674 3121 rursus
685 3059 723 3120 ad
738 3060 857 3138 antiqua
868 3059 1006 3129 reditum,
1023 3077 1091 3120 cum
1104 3059 1161 3122 Ge·
1278 3055 1279 3078 ¹

207 3141 297 3202 nucio
313 3158 371 3202 uno
386 3143 587 3203 mortuam'ac
603 3141 749 3222 sepultam
767 3141 958 3204 tribuniciam
971 3148 1160 3222 potestatem.

209 3223 288 3285 aliud
303 3223 449 3303 agendum
464 3243 498 3286 ao
512 3227 716 3304 cogitandum,
739 3243 798 3306 quo
817 3226 906 3300 modo
930 3228 1088 3288 resistatur
1109 3243 1161 3304 pa·
1278 3275 1279 3280 ,

175 3315 191 3366 3
208 3307 317 3369 tribus:
341 3309 371 3368 id
389 3314 486 3370 autem
502 3326 594 3370 unum
610 3309 765 3372 consilium
782 3328 864 3382 esse,
882 3316 917 3372 ut
932 3329 965 3372 se
984 3312 1050 3390 ipsa
1065 3309 1160 3390 plebs,

208 3391 325 3468 quando
345 3390 423 3452 aliud
437 3391 510 3452 nihil
535 3393 635 3454 anxilii
647 3393 770 3464 habeat,
792 3393 939 3457 defendat.
972 3398 1113 3473 quattuor
1132 3397 1162 3454 et

208 3474 308 3549 uiginti
331 3473 451 3536 lictores
471 3493 616 3554 apparere
630 3476 815 3548 consulibus,
838 3483 867 3539 et
886 3495 938 3540 eos
955 3478 1039 3557 ipsos
1062 3473 1160 3556 plebis
