2534 3956
197 172 261 236 306
383 186 481 230 arsen
494 187 525 231 v.
555 185 626 228 car.
641 178 685 229 50.
700 177 745 230 51.
772 161 812 246 [a.
830 188 860 228 u.
877 164 980 244 citit]

200 355 271 416 que,
293 337 480 416 expiatioque
495 352 599 397 eorum
622 337 652 396 in
670 333 755 396 libris
777 351 831 414 per
848 334 1018 395 duumviros
1035 352 1163 412 quaere·
1256 337 1257 344 ’

163 429 183 482 3
200 428 297 488 retur;
311 437 378 480 eum
390 419 561 481 Caeretibus
572 419 732 498 hospitium
744 417 971 497 publiceileret,
984 418 1062 496 quod
1075 437 1162 480 sacra
1256 421 1257 502 l

199 503 301 585 populi
308 503 433 564 Romani
447 521 482 565 ac
494 503 663 566 sacerdotes
674 503 866 581 recepissent,
878 500 1082 581 beneficioque
1095 503 1163 563 eius

199 587 302 668 populi
327 605 388 648 non
412 588 599 649 intermissus
616 587 712 648 honos
731 586 821 647 deum
842 585 1044 646 inmortalium
1067 594 1163 654 esset;

163 672 262 738 cludi
285 670 442 750 Capitolini
463 672 583 742 tierent,
611 670 689 750 quod
709 669 842 748 luppiter
864 671 994 749 optimus
1015 671 1163 732 maximus

200 774 283 817 suam
300 755 401 816 sedem
416 765 503 834 atque
518 773 617 816 arcem
629 754 732 833 populi
747 754 871 816 Romani
886 755 918 814 in
936 771 969 815 re
983 754 1097 834 trepida
1115 761 1164 815 tu·

200 846 277 901 tatus
293 847 383 909 esset,
403 838 619 917 collegiumque
634 839 671 899 ad
683 857 752 899 eam
775 855 839 898 rem
856 837 894 898 Μ.
909 837 1018 900 Furius
1034 838 1164 898 dictator

201 924 394 984 constitueret
410 941 446 984 ex
460 924 515 992 iis,
533 923 625 1000 quiin
639 921 782 1001 Capitolio
795 929 882 1002 atque
897 939 966 985 arce
981 920 1164 983 habitarent

164 1017 182 1068 t
200 1006 363 1084 expiandae
380 1007 468 1067 etiam
485 1006 565 1068 vocis
576 1012 757 1077 noeturnae,
773 1023 848 1084 quae
865 1007 968 1068 nuntia
986 1005 1077 1066 eladis
1092 1013 1165 1066 ante

199 1089 310 1151 bellum
327 1088 470 1151 Gallicum
486 1090 584 1151 audita
599 1089 792 1168 neclectaque
816 1097 906 1160 esset,
927 1090 1037 1151 mentio
1059 1087 1165 1160 inlata,

165 1185 183 1238 u
200 1176 372 1252 iussumque
383 1175 527 1254 templum
543 1173 663 1235 inNora
679 1175 724 1233 via
739 1174 792 1234 hio
802 1173 925 1235 Locutio
941 1174 1014 1234 lieri.
1045 1190 1164 1244 aurum,
1254 1185 1255 1194 ¹

201 1258 280 1337 quod
297 1258 387 1320 Gallis
406 1266 540 1340 ereptum
556 1265 633 1326 erat,
658 1258 797 1337 quodque
814 1277 850 1319 ex
867 1257 931 1319 aliis
945 1256 1063 1336 templis
1082 1258 1163 1318 inter
1254 1321 1255 1328 χ

199 1341 428 1420 trepidationem
443 1344 475 1403 in
491 1342 567 1404 lovis
580 1340 684 1402 cellam
700 1339 863 1412 conlatum,
880 1360 965 1412 cum,
979 1343 1010 1402 in
1025 1359 1101 1420 quae
1113 1359 1165 1402 re·

199 1426 273 1487 terri
288 1432 456 1504 oporteret,
475 1425 754 1487 coniusa'memcria
770 1431 863 1496 esset,
879 1443 998 1487 sacrum
1013 1442 1100 1486 omne
1116 1427 1165 1485 iu-

164 1513 181 1563 7
199 1509 329 1570 dicatum
350 1516 379 1572 et
400 1509 455 1570 sub
478 1509 554 1570 lovis
574 1508 648 1571 sella
667 1510 738 1588 poni
760 1511 881 1570 iussum.
909 1511 967 1570 iam
984 1515 1052 1570 ante
1072 1510 1104 1568 in
1127 1527 1164 1570 ee

199 1591 305 1670 religio
324 1593 448 1654 civitatis
463 1599 657 1672 apparuerat,
673 1593 768 1670 quod,
788 1610 855 1652 eum
866 1595 897 1654 in
908 1591 1028 1672 publice
1043 1592 1166 1654 deesset

199 1694 320 1747 aurum,
342 1696 378 1738 ex
399 1693 458 1755 quo
474 1695 588 1738 summa
609 1684 713 1756 pactae
733 1677 880 1738 mercedis
897 1675 987 1750 Gallis
1008 1677 1164 1747 confieret,

198 1779 216 1822 a
233 1762 377 1822 matronis
394 1760 542 1823 conlatum
558 1767 748 1839 acceperant,
763 1767 796 1820 ut
811 1778 896 1822 sacro
909 1778 981 1822 auro
996 1757 1164 1822 abstinere·

198 1850 257 1904 tur.
290 1847 432 1906 matronis
448 1846 558 1924 gratiae
573 1851 671 1915 actae,
688 1843 844 1924 honosque
861 1844 994 1915 additur,
1009 1851 1043 1905 ut
1058 1861 1163 1905 earum

198 1928 277 1988 sicut
291 1929 423 1988 virorum
440 1936 507 2008 post
522 1936 648 1989 mortem
663 1926 815 1989 sollemnis
830 1926 958 1990 laudatio
974 1935 1061 1990 esset.

163 2015 181 2068 8
260 2012 313 2072 His
332 2014 460 2090 peractis
475 2031 551 2092 quae
571 2012 608 2073 ad
630 2012 701 2074 deos
721 2011 926 2090 pertinebant,
950 2029 1084 2092 quaeque
1105 2028 1163 2090 per

198 2101 334 2156 senatum
355 2098 402 2174 agi
427 2101 580 2176 poterant,
600 2102 663 2157 tum
684 2095 802 2157 demum
829 2095 1007 2175 agitantibus
1032 2094 1163 2156 tribunis

198 2178 318 2258 plebem
334 2179 465 2241 adsiduis
481 2178 685 2250 contionibus,
703 2185 737 2239 ut
756 2178 870 2242 relictis
890 2181 984 2241 ruinis
1005 2181 1036 2240 in
1052 2178 1163 2241 urbem

198 2269 332 2342 paratam
347 2263 434 2326 Veios
450 2263 711 2342 transmigrarent,
729 2265 760 2323 in
776 2263 948 2326 contionem
959 2265 1097 2326 universo
1113 2283 1161 2326 se·

197 2354 269 2408 natu
282 2353 484 2426 prosequente
500 2347 632 2408 escendit
648 2353 737 2425 atque
751 2349 792 2409 ita
807 2348 896 2410 verba
914 2348 1000 2411 iecit:

165 2429 179 2480 l
258 2431 304 2492 Ll.
328 2431 428 2502 „Adeo
448 2430 522 2493 mihi
543 2430 669 2493 acerbae
686 2437 770 2502 sunt,
789 2429 932 2504 Quirites,
954 2431 1163 2493 contentiones

197 2532 266 2576 eum
277 2513 406 2576 tribunis
421 2515 532 2594 plebis,
548 2520 582 2576 ut
595 2533 652 2576 nec
663 2515 823 2577 tristissimi
836 2516 916 2577 exilii
926 2515 1069 2577 solacium
1081 2511 1165 2574 aliud

196 2598 368 2670 habuerim,
392 2599 488 2677 quoad
503 2599 617 2662 Ardeae
634 2599 707 2670 vixi,
730 2618 818 2679 quam
836 2600 915 2680 quod
936 2597 1042 2680 procul
1060 2595 1096 2658 ab
1114 2596 1164 2658 his

197 2681 409 2744 certaminibus
427 2701 525 2752 eram;
545 2691 574 2744 et
591 2682 628 2744 ob
647 2683 750 2745 eadem
765 2682 839 2744 haee
857 2701 917 2745 non
933 2687 959 2746 si
970 2680 1050 2744 mille
1066 2683 1164 2742 senati

198 2765 340 2829 consultis
355 2766 517 2847 populique
531 2768 615 2828 iussu
629 2768 823 2837 revocaretis,
846 2768 999 2830 rediturus
1020 2783 1164 2844 umquam

162 2863 180 2912 2
196 2851 314 2912 luerim.
343 2869 399 2912 nee
413 2868 493 2912 nunc
507 2869 554 2912 me
567 2858 600 2911 ut
614 2851 744 2912 redirem
758 2869 823 2912 mea
835 2850 969 2913 veluntas
981 2855 1091 2912 mutata
1107 2848 1164 2910 sed

196 2939 294 2994 restra
316 2934 436 2994 fortuna
458 2935 603 3015 perpulit:
627 2937 737 3013 quippe
757 2937 841 2996 utin
863 2954 916 2998 sua
937 2935 1006 2998 sede
1026 2939 1164 2994 maneret

196 3019 307 3096 patria,
325 3017 356 3077 id
367 3015 526 3096 agebatur,
541 3036 602 3078 non
614 3024 647 3079 ut
662 3035 717 3096 ego
732 3019 835 3097 utique
849 3021 881 3080 in
892 3021 988 3099 patria
1003 3035 1107 3079 essem.
1133 3023 1164 3077 et

196 3118 276 3162 nunc
294 3102 479 3179 quiescerem
499 3121 534 3164 ac
548 3110 678 3164 tacerem
694 3099 838 3174 libenter,
862 3105 920 3164 nisi
942 3102 1017 3164 haec
1041 3117 1164 3180 quoque

197 3203 252 3264 pro
268 3187 363 3264 patria
379 3184 530 3248 dimicatio
544 3193 638 3257 esset,
661 3185 710 3246 oui
725 3186 843 3258 deesse,
867 3187 964 3266 quoad
977 3189 1034 3247 vita
1050 3201 1162 3263 suppe-

157 3283 180 3335 a
196 3274 253 3339 tat,
269 3268 333 3330 aliis
347 3276 453 3348 turpe,
468 3269 589 3332 Camillo
605 3271 693 3333 etiam
712 3270 796 3333 neias
814 3279 866 3334 est
895 3272 966 3350 quid
982 3272 1060 3332 enim
1072 3285 1163 3347 repe·

197 3352 313 3422 dimus,
330 3354 402 3431 quid
419 3353 570 3416 obsessam
586 3373 622 3417 ex
636 3353 767 3415 hostium
784 3354 923 3417 manibus
938 3355 1120 3434 eripuimus,
1136 3351 1167 3414 tl

196 3443 401 3514 recuperatam
427 3439 483 3518 ipsi
507 3437 689 3500 deserimusi
728 3444 757 3499 et
784 3457 851 3501 cum
880 3437 1040 3501 victoribus
1058 3434 1166 3506 Gallie,
