2534 3956
153 210 166 258 e
231 203 295 268 290
429 217 568 260 ωηεν.
593 204 775 262 car-aet.
799 197 838 274 [s.
853 215 882 255 u.
899 197 1000 272 citii]

233 365 314 428 fatali
333 363 402 426 urbi
424 362 506 426 clade
524 363 613 442 legati
632 362 669 425 ab
686 361 812 426 Clusinis
834 363 956 425 veniunt
978 360 1121 423 auxilium
1144 362 1198 424 ad-

197 458 215 508 2
233 467 335 512 versus
353 447 452 511 Gallos
466 454 608 526 petentes.
639 465 704 508 eam
718 453 835 524 gentem
851 445 976 508 tradittu
997 445 1075 508 foma
1090 444 1200 508 dulce·

233 533 303 595 dinc
318 533 438 610 lrugum
452 532 637 608 meximeque
651 532 719 600 vini,
735 547 809 591 nova
822 536 886 590 tum
900 526 1058 608 voluptate,
1074 537 1199 606 captam

232 610 322 695 Alpes
343 617 485 677 transisse
506 631 652 692 agrosque
675 613 711 674 ab
729 612 860 674 Etruscis
882 620 949 674 ente
973 611 1067 674 cultos
1089 630 1199 691 posse·
1256 653 1257 694 q

198 701 327 768 edisse3
355 706 384 762 et
404 698 549 760 invexisse
571 699 602 758 in
623 696 747 759 Calliam
767 698 868 760 vinnm
893 695 1069 760 inliciendae
1093 698 1199 773 gentis
1257 695 1258 774 J

233 802 322 846 causa
337 783 495 844 Arruntem
511 780 661 844 Clusinum
682 783 728 840 ira
743 787 901 858 corruptae
923 781 1024 842 uxoris
1038 777 1077 844 eb
1096 779 1199 840 bucn-

232 885 336 936 mone,
358 868 406 926 eui
427 872 506 925 tutor
524 865 549 924 is
569 865 665 926 luerat
683 867 761 942 ipse,
783 871 977 942 praepotente
996 863 1104 924 iurene
1124 871 1159 925 et
1182 882 1198 924 e

233 968 292 1028 quo
313 949 411 1026 expeti
434 965 563 1028 poenae,
586 948 644 1008 nisi
665 955 785 1010 externa
805 947 849 1007 ris
870 947 1000 1025 quaesite
1021 953 1116 1018 esset,
1142 965 1197 1008 ne·
1258 1014 1259 1020 ἵ

198 1035 362 1110 squirent
395 1030 475 1092 buno
493 1029 715 1092 transeuntibus
734 1029 823 1108 Alpes
845 1028 951 1091 ducem
978 1036 1198 1108 auctoremque
1258 1023 1259 1074 ἕ

234 1114 365 1178 Clusium
381 1115 572 1194 oppugnandi
587 1115 686 1178 fuisse.

295 1198 440 1276 Equidem
461 1198 540 1258 haud
562 1197 718 1262 abnuerim
737 1197 866 1260 Clusium
881 1195 981 1260 Gallos
1000 1196 1037 1258 ab
1061 1197 1197 1260 Arrunte

233 1301 286 1345 seu
299 1299 358 1359 quo
370 1281 427 1343 alio
435 1280 561 1346 Clusino
573 1281 730 1350 adductos;
745 1281 798 1342 sed
810 1299 876 1352 eos,
891 1282 942 1358 qui
954 1283 1196 1360 oppugnaverint

197 1367 215 1418 ⁶
233 1366 373 1435 Clusium,
388 1381 449 1425 non
463 1364 555 1426 luisse
567 1365 618 1441 qui
628 1365 718 1443 primi
729 1363 819 1442 Alpes
832 1365 1021 1434 transierint,
1037 1365 1109 1426 satis
1119 1382 1195 1426 con·

232 1456 297 1512 stat
332 1449 467 1509 ducentis
481 1449 590 1526 quippe
606 1449 692 1510 annis
705 1455 773 1509 ante
787 1464 876 1525 quam
890 1447 1022 1510 Clusium
1036 1465 1195 1526 oppugna·

231 1538 316 1601 rent,
337 1531 501 1608 urbemque
516 1529 640 1606 Romam
661 1538 817 1608 saperent,
836 1532 868 1592 in
884 1529 997 1592 ltaliam
1013 1529 1091 1594 Galli
1110 1538 1192 1592 tran·

198 1620 215 1670 6
232 1613 429 1682 scenderunt;
453 1631 509 1674 nec
524 1631 592 1676 cum
609 1613 655 1674 his
670 1615 800 1692 primurn
822 1613 1015 1676 Etruscorum
1028 1613 1081 1678 sed
1097 1615 1192 1676 multe

232 1704 302 1760 ente
317 1715 385 1759 cum
407 1697 460 1768 iis,
474 1699 524 1775 qui
540 1698 618 1760 inter
626 1698 835 1776 Appenninum
848 1695 996 1776 Alpesque
1010 1696 1192 1768 incolebant,
1260 1703 1261 1726 ¹

198 1787 215 1835 '1
231 1800 322 1860 saepe
338 1782 484 1842 exercitus
499 1779 602 1842 Gallici
616 1797 794 1858 pugnavere.
821 1781 984 1844 Tuscorum
998 1788 1067 1844 ante
1081 1779 1193 1843 Roma·

232 1882 305 1926 num
317 1865 476 1942 imperium
490 1863 638 1926 lateterra
659 1865 794 1942 marique
809 1883 881 1944 opes
898 1872 1029 1942 patuere.
1048 1866 1125 1926 mari
1142 1884 1192 1927 su·

231 1965 306 2028 pero
319 1947 485 2027 inferoque,
501 1946 607 2024 quibus
618 1945 699 2010 ltalia
713 1946 827 2009 insulae
838 1948 926 2010 modo
938 1949 1081 2026 cingitur,
1097 1965 1191 2027 quan·

231 2038 295 2095 tum
309 2032 461 2110 potuerint
471 2033 592 2092 nomina
604 2037 675 2092 sunt
689 2037 881 2108 argumento,
896 2033 976 2110 quod
990 2031 1117 2092 alterum
1131 2033 1191 2094 lu·

231 2133 331 2184 scum,
344 2116 493 2176 communi
503 2113 647 2180 uocabulo
659 2115 770 2192 gentis,
787 2113 912 2176 alterum
924 2115 1098 2178 Atriaticum
1107 2133 1192 2178 mere

232 2197 269 2260 ah
297 2198 379 2258 Atria
404 2198 569 2258 Tuscorum
602 2196 717 2262 colonia
741 2215 882 2260 vocavere
912 2197 1031 2260 Italicae
1063 2206 1191 2276 ,gentem

180 2285 222 2338 89
233 2282 340 2343 Graeci
358 2279 460 2342 eadem
473 2280 659 2360 Tyrrhenum
674 2287 762 2358 atque
771 2281 952 2344 Adriaticum
967 2291 1082 2349 uocant
1113 2290 1145 2344 et
1159 2285 1191 2344 in

231 2371 389 2440 utrumque
403 2381 485 2424 mare
499 2369 653 2442 vergentes
667 2363 821 2427 incoluere
835 2363 960 2426 urbibus
972 2365 1116 2428 duodenis
1129 2375 1191 2428 ter-

231 2465 297 2518 ras,
313 2449 397 2527 prius
411 2448 453 2508 cis
466 2448 675 2526 Appenninum
689 2446 726 2508 ad
740 2448 870 2510 interum
880 2467 978 2520 mare,
992 2457 1095 2528 postea
1106 2457 1190 2511 trans

231 2532 442 2611 Appenninum
456 2532 593 2600 totidem,
614 2538 686 2608 quot
698 2534 794 2610 capita
809 2533 933 2610 originis
948 2541 1047 2604 erant,
1062 2532 1190 2594 coloniis

182 2615 350 2685 remissis,
365 2633 440 2693 quae
455 2621 538 2675 bans
552 2613 665 2676 Padum
680 2615 777 2676 omnia
792 2613 859 2676 loca
874 2623 999 2695 excepto
1008 2616 1188 2678 Venetorum

233 2697 356 2776 angulo,
383 2700 434 2774 qui
455 2699 553 2758 sinum
567 2697 783 2760 circumcolunt
803 2700 909 2770 maris,
934 2717 1030 2778 usque
1048 2699 1086 2760 ed
1100 2699 1188 2779 Alpes

182 2789 214 2840 11
231 2788 366 2844 tenuere.
401 2779 514 2859 Alpinis
534 2799 652 2860 quoque
673 2799 707 2842 ea
728 2781 866 2859 gentibus
886 2781 967 2844 haud
990 2781 1081 2844 dubie
1104 2786 1187 2862 origo

233 2871 286 2934 cst,
301 2866 427 2924 maxime
441 2864 566 2932 naemu
582 2882 655 2943 quos
671 2863 737 2926 loce
747 2866 999 2944 ipsaotrerarunt,
1016 2883 1055 2928 nc
1069 2867 1140 2946 quid
1153 2886 1186 2928 ex

232 2949 354 3024 antiquo
375 2953 494 3025 praeter
517 2965 624 3008 sonum
647 2947 780 3025 linguae,
805 2966 862 3010 nec
885 2968 953 3012 eum
969 2951 1186 3030 incorruptum,

231 3031 407 3093 retinerent.

198 3120 213 3171 1
295 3115 420 3176 xxxiv.
448 3115 489 3176 De
504 3116 627 3178 transitu
642 3117 673 3174 in
687 3112 803 3176 ltaliam
814 3115 967 3180 Gallorum
980 3117 1057 3180 baec
1071 3118 1186 3195 accepi·

231 3217 307 3260 mus.
338 3200 440 3259 Prisco
457 3199 616 3278 Tarquinio
631 3197 743 3259 Romae
763 3207 908 3277 regnante
929 3199 1092 3270 Celtarum,
1111 3217 1186 3277 quae

232 3299 302 3360 pars
324 3281 435 3343 Calliae
458 3285 543 3344 tertia
566 3288 624 3352 est,
646 3299 739 3360 penes
761 3281 911 3362 Bituriges
934 3301 1049 3346 summa
1068 3284 1186 3361 imperii

196 3363 297 3424 ²fuit
326 3365 464 3443 iiregem
479 3364 588 3427 Celtico
605 3365 724 3428 dabant.
755 3365 927 3446 Ambigatus
947 3367 1058 3438 isfuit,
1080 3367 1186 3428 rirtute

232 3444 412 3524 tonumque
424 3467 490 3508 cum
505 3468 556 3510 sua
572 3455 634 3510 turn
649 3447 769 3528 publica
783 3449 981 3532 praepollens,
993 3449 1072 3530 quod
1085 3450 1118 3510 in
1132 3449 1188 3510 im·
