2548 3954
226 243 266 307 38
373 257 468 300 urana
484 255 505 296 r.
545 256 615 300 oar.
632 247 676 302 34.
695 249 736 302 35.
764 239 803 316 [a.
819 258 848 296 u.
866 258 891 297 c.
909 202 1051 319 lli-1761*

192 419 207 466 7
226 402 312 467 lacile
327 403 485 483 persuadet
498 411 532 466 ut
546 405 654 483 cupido
671 405 829 474 honorum,
845 411 874 466 et
888 405 936 464 cui
950 403 1103 482 Tarquinii
1117 423 1179 466 ma-

225 498 309 550 terna
326 492 437 548 tantum
451 489 546 566 patria
562 495 647 550 esset.

191 583 207 634 8
289 569 416 634 Sublatis
431 573 529 650 itaque
541 570 634 633 *renus
649 571 795 648 amigrant
805 569 937 633 Romam.
966 571 1003 633 ad
1016 571 1179 633 Ianiculum

226 657 301 718 iorte
329 661 447 717 rentum
473 661 545 716 erat.
574 654 617 715 ibi
642 655 670 717 ei
694 659 835 734 carpento
860 655 975 717 sedenti
996 669 1063 716 cum
1086 672 1180 716 uxore

225 739 322 818 aquila
343 739 493 818 suspensis
516 738 643 800 demissa
662 737 771 801 leniter
793 738 847 800 alis
861 738 985 818 pilleum
1000 739 1112 809 aufert,
1131 757 1180 801 su·
1272 746 1273 749 ’

225 838 339 903 perque
363 830 536 901 carpentum
558 837 626 882 cum
646 833 753 898 magno
769 821 909 900 clangore
927 823 1049 884 volitans
1066 817 1180 893 nusus,

226 906 304 968 velut
317 906 483 968 ministerio
499 905 637 968 divinitus
655 907 759 977 missa,
776 908 864 985 capiti
879 913 947 985 apte
961 907 1094 986 reponit,
1109 907 1180 967 inde

192 997 208 1049 9
225 987 358 1052 sublimis
379 987 448 1050 abit.
483 991 634 1067 accepisse
651 988 681 1050 iti
702 991 857 1066 augurium
871 989 947 1052 laeta
963 991 1070 1052 dicitur
1084 991 1180 1051 'lana-

226 1071 296 1152 quil,
317 1073 421 1151 perita,
434 1079 466 1134 ut
479 1071 527 1133 vul
577 1070 702 1142 Etrusci,
718 1072 888 1134 caelestium
900 1074 1103 1152 prodigiorum
1115 1091 1180 1134 mu·

225 1157 290 1218 liar.
324 1155 439 1218 excelsa
460 1164 489 1218 et
509 1164 566 1218 ata
581 1172 703 1235 sperare
724 1156 868 1236 conplexa
883 1159 978 1218 tirum
994 1156 1091 1218 iubet:
1115 1175 1180 1218 eam

225 1241 334 1310 alitem,
351 1259 386 1302 ea
401 1241 525 1318 regione
541 1240 615 1302 caeli
631 1247 660 1302 α
675 1239 738 1302 eius
754 1239 803 1301 dei
814 1242 947 1302 nuntiam
958 1243 1081 1310 recusso,
1099 1241 1180 1301 circa

225 1338 372 1386 summum
391 1322 508 1386 culmen
529 1323 659 1385 hominis
678 1324 841 1402 auspicium
856 1325 979 1395 iecisse,
997 1323 1109 1386 lavasse
1123 1323 1180 1385 lau·

226 1425 312 1468 mano
331 1409 551 1486 superpositum
565 1409 655 1485 capiti
670 1406 774 1478 decus,
800 1414 832 1468 ni
849 1408 986 1470 divinitus
1000 1407 1096 1468 eidem
1111 1407 1180 1468 recl-

121 1480 318 1555 *rederet
354 1489 408 1550 iras
429 1507 497 1569 spes
519 1491 770 1568 cogitationesque
792 1505 893 1552 secum
908 1498 1059 1570 portantes
1074 1490 1178 1552 urbem

225 1573 352 1650 ingressi
365 1580 449 1643 sunt,
464 1573 675 1652 domicilioque
690 1573 733 1634 ibi
751 1581 920 1654 comparato
936 1575 968 1636 L.
986 1575 1179 1652 Tarquinium

181 1662 212 1714 11
226 1655 359 1718 Priscum
381 1655 501 1719 edidere
523 1674 641 1718 nomen.
670 1657 811 1718 llum-anis
832 1660 1025 1738 conspicuum
1040 1673 1108 1720 eum
1125 1675 1179 1718 nc·

225 1741 297 1801 vitas
317 1739 491 1818 uenaeque
511 1739 675 1810 iaciebant,
697 1747 726 1802 et
741 1743 804 1820 ipse
819 1741 967 1803 fortunam
981 1741 1110 1820 benigno
1127 1743 1178 1802 ad·

225 1823 340 1900 loquio,
364 1825 499 1885 comitate
519 1824 661 1885 invitandi
676 1823 887 1903 beneficiisque
902 1843 976 1904 quos
991 1831 1107 1904 poterat
1122 1825 1179 1886 sibi

192 1915 193 1918 ’
226 1907 412 1968 conciliando
423 1907 586 1978 adiurabat,
603 1907 698 1970 donec
709 1909 740 1968 in
751 1910 864 1986 regiam
876 1925 994 1987 quoque
1007 1909 1043 1971 cle
1054 1927 1091 1970 eo
1102 1909 1178 1970 larua

176 1985 208 2036 12
225 1989 337 2069 perlata
353 1997 405 2053 est.
427 1993 620 2069 notitiamque
636 2007 700 2052 eam
714 1990 799 2054 brevi
813 1993 891 2070 apud
902 2008 1004 2070 regem
1015 1989 1179 2054 liberaliter

225 2073 386 2152 dextraque
403 2074 542 2137 obeundo
558 2074 654 2135 cilicia
668 2075 700 2135 in
720 2073 872 2136 familiaris
887 2077 1034 2138 amicitiae
1049 2075 1178 2136 adduxe-

224 2164 271 2218 rat
283 2159 358 2228 iura,
373 2166 406 2218 ut
419 2157 546 2236 publicis
561 2160 672 2236 pariter
693 2175 728 2218 ac
742 2159 862 2236 privatis
881 2158 1013 2222 consiliis
1030 2157 1109 2220 hello
1124 2159 1178 2220 tlo-

224 2241 324 2318 mique
344 2242 517 2311 interesset,
538 2249 567 2302 et
588 2258 642 2320 per
657 2243 755 2302 omnia
778 2249 916 2321 expertus
931 2251 1080 2322 postremo
1098 2249 1172 2302 tutor

225 2325 312 2384 etiam
329 2322 432 2385 liberis
447 2325 526 2403 regis
540 2331 713 2386 testamento
727 2325 938 2388 institueretur.

192 2401 205 2450 1
286 2404 397 2469 xxxv.
419 2407 562 2486 Regnavit
578 2407 678 2469 incus
695 2423 789 2470 annos
800 2417 937 2486 quattuor
949 2410 1098 2487 etvlginti,
1114 2411 1177 2470 cni·

223 2489 296 2552 libet
316 2492 503 2570 superiorum
523 2507 628 2570 regern
648 2491 720 2554 belli
740 2493 880 2570 pacisque
896 2502 926 2554 ct
943 2493 1056 2554 artibus
1071 2499 1100 2554 et
1113 2491 1177 2570 glo·

223 2577 268 2634 ria
283 2591 347 2654 par.
376 2577 435 2636 iam
456 2574 510 2636 iiiii
524 2593 621 2655 prope
635 2574 781 2654 puberem
798 2584 923 2637 nentem
939 2585 1032 2638 erant.
1062 2593 1099 2636 eo
1114 2593 1177 2636 ma·

223 2660 267 2736 gis
292 2659 470 2736 Tarquinius
492 2659 621 2728 instare,
649 2667 682 2718 ut
708 2675 796 2735 quam
819 2661 948 2737 primum
974 2661 1091 2720 comitia
1108 2661 1177 2736 regi

189 2735 352 2801 ²creando
374 2742 496 2810 fiercut;
517 2739 628 2818 quibus
647 2741 767 2803 indictis
787 2742 843 2802 sub
863 2750 979 2822 ternpus
1000 2756 1110 2820 pueros
1126 2759 1161 2802 ve

223 2831 323 2884 natum
335 2823 486 2904 ablegavit.
503 2825 588 2901 isque
598 2826 712 2902 primm
725 2831 755 2886 et
764 2827 873 2903 petisse
885 2826 1037 2887 ambitiose
1049 2839 1174 2902 regnum

224 2913 252 2967 et
267 2909 430 2968 orationem
446 2907 553 2967 dicitur
569 2905 707 2969 habuisse
728 2908 765 2968 ad
784 2909 984 2972 conciliandos
1001 2907 1097 2988 plebis
1112 2909 1176 2968 ani-

189 2993 205 3045 a
222 3005 287 3050 mos
304 2991 500 3068 conpositam:
524 3005 591 3050 cum
607 3007 640 3051 se
655 3005 715 3050 non
729 3006 795 3053 rem
811 3007 916 3053 novam
931 3000 1049 3074 petere,
1066 2993 1175 3070 quippe

223 3073 274 3151 qui
288 3087 349 3134 ncn
361 3076 490 3152 primus,
513 3074 592 3150 quoti
610 3075 765 3152 quisquam
785 3075 935 3154 indignari
952 3077 1091 3136 annariae
1105 3093 1174 3154 pos-

222 3163 282 3228 set,
305 3158 357 3220 sed
378 3159 482 3219 tertius
505 3157 615 3218 Rornae
634 3160 811 3236 peregrinus
832 3175 959 3238 reguum
979 3161 1120 3226 allectat:
1146 3165 1177 3219 et

221 3241 337 3302 'l’atitmr
351 3259 411 3302 nou
427 3258 463 3303 cx
481 3243 641 3320 peregrino
653 3240 749 3302 solum
760 3242 813 3303 sed
828 3243 916 3304 ctiam
927 3261 965 3304 cx
975 3243 1061 3305 hoste
1073 3257 1173 3318 regem

221 3324 339 3394 iactum,
357 3331 386 3386 et
395 3324 520 3385 Numam
532 3326 668 3403 ignarum
678 3324 762 3386 urbis
772 3343 832 3387 non
845 3333 997 3404 patentem
1005 3328 1039 3386 in
1048 3341 1173 3403 regumn

189 3414 204 3456 ⁴
221 3406 298 3466 ultro
316 3410 455 3468 accitum:
472 3426 514 3476 se,
531 3423 640 3484 exque
656 3409 702 3470 sui
719 3415 825 3487 potens
838 3410 942 3481 luerit,
968 3409 1091 3471 Romam
1106 3425 1174 3468 cuna

222 3491 346 3567 coniuge
361 3507 395 3550 ac
409 3489 536 3550 fortunis
551 3491 688 3554 omnibus
703 3493 929 3570 commigrasse:
946 3495 1090 3554 maiorem
1104 3507 1172 3571 par-
