2580 3954
207 203 267 264 162
339 217 500 262 1111111111.
524 217 592 258 cnr.
610 207 652 262 38·
668 207 710 262 39.
736 205 775 271 [a.
792 220 822 258 u.
839 219 864 258 c.
880 199 1038 279 304-(305)]
1070 249 1078 268 .

207 365 344 426 comitem
360 367 474 426 senatui
485 365 550 436 det,
569 373 597 426 et
609 383 697 442 quern
709 365 744 425 ad
757 365 878 426 modum
889 373 988 444 patres
999 367 1094 427 vocati
1106 384 1169 427 non

207 455 312 510 coeant
325 449 358 508 in
372 455 522 519 senatum,
547 451 592 510 sie
609 448 694 526 plebs
709 448 818 510 abnuat
833 448 981 510 dilectum.
1012 448 1087 510 haee
1106 450 1164 511 fre

158 539 186 591 li
207 539 291 592 munt
310 531 422 610 plebes.
458 539 576 610 petrum
604 531 683 592 baud
712 532 776 594 lere
795 533 952 610 quisquam
978 534 1010 594 iu
1031 533 1113 603 foro,
1135 535 1168 592 in

206 615 282 678 urbe
301 617 361 676 rari
380 623 473 677 eraut
509 615 682 692 indignitate
701 631 805 676 rerum
833 623 985 677 cesserant
1010 618 1042 676 in
1067 633 1167 693 agros,

206 715 385 776 suarumque
395 716 497 760 rerum
515 707 600 759 erant
611 699 717 758 11111111
727 697 863 776 publica,
879 706 992 760 tanturn
1006 698 1043 760 ab
1058 701 1167 760 iniuria

206 781 351 844 seabesse
361 783 434 852 rati,
450 789 591 858 quantum
608 799 625 841 a
640 787 725 842 coetu
736 799 956 860 congressuque
971 784 1167 862 inpotentium

157 871 188 922 1²
205 867 395 926 dominorum
410 884 442 926 se
457 865 641 926 amovissent.
672 871 827 943 postquam
838 867 919 926 citati
933 883 995 926 non
1008 868 1167 928 convenie-

205 948 291 1020 bant,
313 949 427 1010 dimissi
445 949 526 1010 circa
550 948 653 1010 domos
677 949 860 1027 adparitores
880 949 967 1010 simul
990 950 1026 1010 ad
1041 953 1166 1028 pignera

206 1032 349 1110 capienda
362 1031 644 1108 sciscitandumque,
660 1049 732 1094 uum
740 1031 875 1092 consulto
886 1033 1100 1104 detrectarent,
1117 1051 1166 1094 re·

205 1116 305 1177 ierunt
318 1123 453 1177 senatum
467 1117 498 1176 in
513 1116 593 1194 agris
610 1133 684 1177 esse.
717 1114 821 1178 laetius
846 1115 877 1176 id
896 1116 1072 1178 decemuiris
1086 1118 1166 1177 aeci·

206 1201 260 1270 dit,
292 1217 381 1277 quam
407 1201 432 1262 si
453 1201 617 1278 praesentis
638 1199 802 1260 detrectare
827 1201 985 1278 imperium
1008 1201 1165 1262 referrent.

158 1291 187 1343 13
205 1283 310 1345 iribont
322 1285 414 1344 acciri
430 1301 548 1353 ornnes,
574 1291 767 1360 senatumque
782 1284 814 1342 in
832 1283 910 1344 (111111
934 1291 1086 1362 posterum
1105 1283 1166 1344 odi·

206 1375 290 1435 ount;
320 1368 371 1444 qui
394 1365 544 1444 aliquanto
572 1385 625 1445 spe
652 1368 785 1444 ipsorum
811 1367 996 1444 frequentior
1019 1369 1163 1431 convenit

206 1469 264 1528 quo
275 1450 354 1510 facto
366 1451 514 1528 proditam
529 1469 546 1510 a
564 1449 795 1528 patribusplebs
809 1449 977 1513 libertatem
989 1460 1067 1523 1111,
1086 1451 1165 1529 quod
1204 1455 1208 1462 '
1276 1487 1277 1538 q

205 1536 256 1603 iis,
274 1535 325 1610 qui
342 1535 403 1594 inm
418 1535 589 1611 magistratu
605 1532 750 1604 abissent,
767 1535 961 1613 privatisque,
982 1537 1008 1598 si
1022 1537 1065 1598 vis
1079 1534 1165 1596 abes·
1192 1581 1196 1588 .
1276 1567 1277 1572 κ

205 1625 263 1687 111,
279 1625 429 1693 tamquam
444 1618 509 1678 iure
528 1615 702 1694 cogentibus
715 1625 834 1680 senatus
848 1620 1002 1698 paruisset
1276 1621 1277 1644 l

174 1713 186 1761 1
268 1699 396 1761 XXXIX.
426 1701 484 1764 Sed
498 1703 591 1777 magis
605 1699 798 1763 oboedienter
809 1710 927 1764 ventum
937 1705 969 1763 in
986 1703 1099 1764 curiam
1112 1710 1165 1771 est,

170 1799 292 1860 aquam
314 1783 442 1846 obnoxie
461 1785 555 1846 dictos
575 1785 734 1846 sententias
755 1787 933 1864 accepimus.
968 1787 1001 1848 L.
1017 1785 1165 1846 Valerium

204 1869 332 1928 Potitum
362 1868 513 1946 proditum
536 1869 697 1930 memoriae
719 1876 763 1931 est
788 1877 855 1948 post
883 1869 1057 1932 relationem
1078 1870 1166 1947 Appii
1276 1879 1277 1948 1

205 1951 333 2022 Claudii,
355 1954 528 2030 priusquam
543 1952 648 2014 ordine
664 1955 826 2016 sententiae
846 1961 1039 2032 rogarentur,
1063 1959 1164 2032 postu-

187 2081 188 2084 ,
205 2035 309 2105 lando,
330 2040 363 2097 ut
377 2035 417 2096 de
430 2055 465 2098 re
479 2035 600 2115 publica
615 2034 719 2098 liceret
736 2036 851 2108 dicere,
865 2035 1094 2115 prohibentibus
1110 2039 1164 2098 mi·
1276 2093 1277 2104 ,

204 2120 317 2178 naciter
332 2119 507 2181 decemviris
520 2120 707 2200 proditurum
721 2121 801 2182 send
813 2119 932 2200 plebem
943 2121 1165 2182 denuntiantem
1276 2137 1277 2146 ³

171 2201 362 2263 3tumultum
386 2205 536 2264 excivisse.
567 2221 624 2264 nec
643 2204 741 2265 11111111
761 2204 902 2266 ferociter
924 2205 1056 2266 Marcum
1070 2203 1164 2264 llora-
1276 2211 1277 2214 ’

204 2287 277 2346 tium
288 2283 450 2346 barbatum
460 2287 519 2347 isse
530 2287 562 2346 in
576 2293 741 2357 nontamen,
758 2288 861 2350 decern
871 2289 1049 2365 Tarquinios
1063 2287 1164 2366 nppel·
1276 2317 1277 2332 2

204 2367 314 2428 lentem
334 2367 599 2446 admonentemque
614 2367 739 2430 Valeriis
760 2379 789 2430 et
803 2371 933 2434 Horatiis
951 2371 1078 2433 ducibus
1098 2370 1164 2450 pul·
1257 2368 1277 2428 'l

169 2463 253 2514 nsos
280 2469 376 2530 reges.
415 2471 471 2515 uec
496 2454 624 2515 nominis
649 2451 785 2514 bomiues
809 2461 875 2516 tum
900 2461 1068 2532 pertaesum
1090 2473 1164 2523 esse,
1276 2477 1277 2540 j

204 2539 315 2616 quippe
331 2553 390 2614 quo
406 2535 505 2598 lovem
521 2536 665 2616 appellari
680 2536 791 2608 fassit,
811 2554 872 2614 :quo
884 2537 1048 2608 ,Romulum
1062 2538 1165 2599 condi·

203 2627 300 2682 torem
320 2619 404 2680 urbis
424 2619 625 2700 deincepsque
645 2637 733 2698 reges
755 2620 932 2700 appellatos,
963 2623 1043 2699 quod
1071 2623 1165 2683 sacris
1276 2661 1277 2672 ,

171 2717 187 2766 o
205 2705 292 2764 1111111
310 2710 343 2765 ut
357 2702 502 2766 sollemne
516 2711 665 2765 retentum
682 2705 732 2764 sit:
750 2704 921 2783 superbiam
936 2705 1164 2782 uiolentiamque

204 2795 266 2848 tum
283 2805 406 2866 perosos
426 2790 514 2866 regis.
548 2788 662 2865 quaesi
677 2789 794 2865 inrege
809 2796 872 2850 turn
887 2789 992 2850 eodem
1013 2796 1063 2850 aot
1079 2789 1110 2847 in
1129 2787 1163 2848 fi·

107 2931 114 2940 ,
204 2869 243 2930 lio
259 2872 338 2948 regis
353 2871 476 2934 serenda
490 2888 550 2932 non
566 2872 690 2943 luerint,
714 2888 803 2948 quem
816 2871 945 2934 laturum
962 2875 994 2934 in
1010 2879 1053 2934 tot
1066 2874 1163 2951 prive-

169 2954 259 3016 11111
289 2953 438 3025 viderent,
461 2973 500 3018 ne
519 2955 643 3017 vetando
661 2957 692 3015 in
710 2956 792 3016 ouria
814 2955 909 3018 libere
930 2957 1066 3020 homines
1081 2955 1164 3032 loqui

203 3044 285 3099 extra
306 3039 421 3102 curiam
445 3041 532 3101 etiem
552 3046 706 3101 moverent
724 3057 835 3102 rocem.
872 3057 970 3119 neque
991 3060 1024 3102 se
1051 3040 1162 3109 ridere,

203 3123 254 3198 qui
269 3121 327 3184 sibi
340 3125 440 3186 11111111
450 3123 611 3203 privatond
623 3122 792 3184 contionem
803 3123 947 3203 populum
958 3143 1066 3186 vocare
1072 3139 1163 3200 (1111111
1276 3161 1277 3164 =

167 3204 261 3266 'lillis
286 3214 420 3268 senatum
447 3225 555 3285 cogere
582 3207 677 3268 liceat
715 3205 768 3268 ubi
797 3207 919 3280 vellent,
947 3209 1162 3287 experirentur,

204 3296 313 3365 quanto
325 3290 433 3352 fortior
453 3291 538 3352 dolor
555 3290 691 3352 libertate
710 3307 763 3352 sua
784 3293 959 3354 vindicanda
975 3309 1063 3370 quem
1079 3290 1163 3368 cupi·

167 3377 185 3428 8
202 3372 277 3432 dites
300 3374 407 3434 iniusta
427 3375 624 3436 dominatione
648 3383 733 3436 esset.
763 3376 801 3440 de
819 3375 900 3438 bello
915 3375 1025 3439 Sabino
1047 3391 1161 3437 11111-

201 3454 297 3526 ferre,
317 3463 466 3536 tamquam
485 3460 579 3520 maius
597 3458 690 3520 ullum
714 3459 825 3539 populo
839 3461 972 3523 Romano
997 3457 1108 3521 bellum
1124 3458 1162 3518 sit
