2580 3954
228 235 289 294 222
402 248 496 290 mnan
512 249 555 290 tv.
580 247 651 290 cnr.
667 239 711 293 26.
728 237 771 292 nt.
798 226 837 309 [a.
853 249 882 287 u.
900 249 925 289 e.
943 225 1003 310 323]

229 398 299 456 tium
324 413 420 475 noque
444 395 522 458 aliud
547 404 606 456 tota
627 395 702 456 urbe
723 396 769 473 agi
790 413 877 472 quam
902 393 1013 456 bellum
1034 398 1194 474 apparari.

228 480 356 558 cognitio
373 481 537 540 vacantium
552 479 675 542 militiae
690 497 814 540 munere
829 486 897 559 post
912 477 1024 540 bellum
1040 479 1193 542 differtur.
1271 491 1272 560 t

226 565 266 624 ita
281 562 363 632 dubii
379 580 498 640 quoque
516 563 659 624 inclinant
681 563 717 624 ad
733 565 852 622 nomina
868 563 973 624 danda.
1005 568 1035 624 et
1047 563 1193 626 Hernicis

226 648 396 724 Latinisque
421 647 527 708 milites
551 647 697 726 imperati.
733 649 882 723 utrimque
904 649 989 707 enixe
1015 645 1194 708 oboeditum

228 733 363 793 dictatori
378 738 431 791 est.

195 824 207 874 1
289 814 400 874 xxvii.
428 815 508 876 llaec
524 817 622 875 omnia
638 814 787 876 celeritate
799 814 911 890 ingenti
923 819 1003 882 acta3
1021 812 1194 892 relictoque

228 899 279 960 Cn.
294 897 369 958 lulio
387 897 509 960 consule
524 898 561 959 ad
576 897 757 976 praesidium
772 896 856 958 urbis
873 905 902 958 at
912 896 944 957 L.
956 895 1031 956 lulio
1046 900 1194 974 magistro

229 982 360 1058 equitum
375 981 411 1041 ad
426 980 522 1042 subita
539 981 611 1042 belli
622 983 786 1042 ministeria
793 1019 805 1052 ,-
817 998 855 1042 ne
868 998 924 1058 qua
939 999 1005 1050 res,
1021 998 1078 1058 qua
1091 981 1193 1058 eguis-

228 1069 294 1125 sent
311 1067 342 1124 in
357 1067 477 1136 castris,
490 1071 675 1136 moraretur,
694 1066 818 1126 dictator
829 1071 991 1143 praeeunte
1002 1063 1035 1124 Α.
1049 1061 1194 1126 Cornelio

193 1163 209 1214 2
227 1149 365 1227 pontifice
381 1149 508 1210 maximo
525 1147 611 1211 ludos
622 1166 745 1226 magnos
758 1148 901 1210 tumultus
911 1165 999 1208 causa
1009 1149 1100 1216 vovit,
1117 1164 1191 1225 pro-

227 1231 380 1310 tectusque
398 1231 434 1293 ab
456 1231 531 1294 urbe
551 1233 643 1295 diviso
667 1251 734 1294 cum
750 1229 888 1302 Quinctio
912 1230 1035 1292 consule
1057 1231 1193 1292 exercitu

194 1325 211 1376 3
229 1313 264 1376 ad
281 1315 383 1376 hostes
397 1319 539 1394 pervenit.
572 1318 648 1378 sicut
665 1316 735 1378 bina
750 1323 845 1378 eastra
859 1315 988 1376 hostium
1002 1333 1093 1393 parvo
1110 1315 1187 1376 inter

229 1418 261 1460 se
276 1401 370 1477 spatio
385 1399 520 1461 distantia
537 1400 683 1470 siderant,
706 1401 764 1478 ipsi
779 1416 896 1478 quoquc
912 1397 993 1460 mille
1013 1399 1107 1460 ferme
1122 1415 1193 1478 pas-

229 1500 278 1543 sus
297 1481 332 1542 ab
348 1481 432 1544 hoste
449 1484 573 1544 dictator
589 1483 732 1554 Tusculo,
751 1482 853 1545 consul
872 1483 1002 1544 Lanuvio
1016 1483 1192 1560 propiorem

195 1565 327 1625 llocnm
350 1567 453 1626 castris
478 1573 629 1645 ceperunt.
666 1569 705 1628 ita
728 1573 866 1645 quattuor
894 1568 1042 1628 exercitus
1066 1565 1191 1626 totidem

229 1649 411 1710 munimenta
424 1649 576 1728 planitiem
594 1653 623 1712 in
636 1651 734 1712 medio
751 1653 925 1728 nonparvis
937 1650 1024 1711 modo
1038 1649 1191 1711 excursio-

229 1731 317 1793 nibus
338 1732 374 1793 ad
397 1732 511 1812 proelia
534 1733 649 1796 sedvel
672 1735 708 1795 ad
730 1734 917 1813 explicandas
941 1735 1090 1810 utrimque
1111 1733 1191 1794 acies

196 1819 214 1870 5
230 1817 301 1878 satis
312 1821 460 1894 patentem
476 1817 634 1879 habebant.
655 1837 719 1890 nec,
733 1837 767 1880 ex
781 1836 838 1897 quo
851 1819 954 1879 castris
967 1825 1063 1879 castra
1074 1816 1190 1878 conlata

232 1907 314 1970 sunt,
325 1908 503 1962 'cessatuma
518 1900 631 1964 letibus
646 1903 767 1980 proeliis
788 1909 832 1964 est
849 1901 936 1964 lacile
954 1903 1083 1980 patiente
1099 1901 1190 1962 dicta-

230 1990 295 2044 tore
314 1983 494 2046 conterendo
515 1987 592 2047 vires
613 2005 695 2064 spem
718 1988 873 2048 uniuersae
892 1987 1032 2046 victoriae
1048 1991 1190 2064 temptato

197 2079 214 2130 6
230 2065 371 2145 paulatim
384 2076 489 2130 eventu
501 2071 695 2131 certaminum
709 2089 778 2132 suos
785 2072 967 2149 praecipere.
984 2068 1190 2147 itaquebostes

230 2149 310 2209 nulla
326 2151 357 2210 in
372 2150 487 2229 proelio
503 2152 581 2214 iusto
597 2152 701 2214 relicta
716 2173 770 2233 spe
781 2161 871 2215 noctu
886 2154 982 2215 adorti
1002 2160 1097 2214 castra
1119 2147 1190 2213 co'n-

232 2232 304 2294 solis
319 2251 383 2294 rom
399 2236 430 2293 in
447 2252 548 2296 casum
563 2237 698 2316 ancipitis
715 2243 836 2300 eventus
852 2239 1045 2299 committunt.
1079 2235 1190 2297 clamor

230 2315 328 2376 subito
344 2323 427 2378 ortus
442 2336 504 2378 non
520 2319 650 2382 consulis
666 2322 753 2382 modo
769 2320 888 2400 uigiles,
907 2321 1068 2396 exercitum
1084 2319 1191 2381 deinde

197 2413 367 2470 tomnem,
389 2401 441 2464 sed
464 2403 637 2466 dictatorem
659 2422 777 2483 quoque
800 2424 835 2466 ex
859 2422 964 2466 somno
987 2404 1101 2465 excivit.
1138 2401 1191 2463 ubi

231 2485 383 2562 praesenti
399 2504 455 2564 ope
469 2505 518 2550 ros
533 2487 673 2566 egebant,
696 2487 798 2550 consul
819 2506 875 2550 nec
896 2489 993 2548 animo
1014 2487 1121 2549 deiecit
1134 2504 1191 2547 nee

232 2567 371 2628 consilio:
398 2588 467 2648 pars
492 2571 618 2634 militum
645 2577 798 2651 portarum
818 2573 961 2633 stationes
986 2572 1098 2642 firmat,
1121 2587 1190 2648 pars

197 2658 214 2711 8
231 2669 343 2713 corona
358 2652 466 2714 vallum
481 2656 610 2732 cingunt.
642 2657 673 2716 in
691 2655 790 2718 alteris
807 2655 885 2735 apud
899 2655 1071 2717 dictatorem
1086 2655 1190 2715 castris
1271 2653 1272 2670 ¹

232 2753 290 2813 quo
314 2737 411 2798 minus
431 2738 573 2800 tumultus
600 2745 659 2809 est,
687 2758 722 2801 eo
748 2739 815 2818 plus
837 2739 1092 2809 animadvertitur,
1120 2736 1190 2815 quid
1271 2735 1272 2742 ’

233 2837 308 2897 opus
322 2819 400 2880 lacto
415 2822 461 2882 sit.
490 2823 613 2884 missum
625 2822 773 2902 extemplo
789 2823 825 2884 ad
841 2830 936 2885 castra
950 2821 1130 2892 subsidium,
1142 2822 1190 2881 cui
1271 2825 1272 2856 ³

233 2902 283 2980 Sp.
299 2903 468 2966 Postumius
477 2903 571 2966 Albus
585 2904 699 2982 legatus
713 2907 900 2985 praefinitum
916 2908 980 2984 ipse
995 2913 1080 2984 parto
1091 2905 1189 2984 copia·
1271 2945 1272 2994 p

232 3003 299 3046 rum
314 3003 405 3064 parvo
424 2989 549 3050 circuitu
568 2988 813 3052 locum-maxime
836 2996 983 3051 secretum
1005 2988 1040 3049 ab
1064 2987 1189 3050 tumultu
1271 3005 1272 3010 ¹

197 3071 319 3147 opotit,
343 3071 422 3134 unde
446 3091 481 3134 ex
502 3074 680 3151 necopinato
700 3091 836 3136 aversum
855 3073 970 3134 hostem
993 3072 1118 3133 invadat.
1155 3067 1187 3141 0.

234 3153 398 3232 Sulpicium
418 3156 546 3234 legatum
571 3158 704 3236 praeficit
719 3159 838 3225 castris:
858 3157 896 3218 M.
912 3155 1003 3218 Fabio
1024 3155 1121 3234 legato
1139 3155 1188 3216 ad·

232 3238 329 3314 signat
344 3241 472 3317 equites,
491 3259 546 3302 nec
562 3247 630 3318 ante
644 3238 741 3301 lucem
754 3258 872 3301 morere
887 3239 970 3302 iubet
982 3257 1103 3300 manum
1114 3240 1188 3298 inter

232 3328 394 3384 nocturnos
418 3324 561 3386 tumultus
587 3323 741 3385 moderatu
769 3322 928 3384 difficilem.
974 3324 1088 3392 omnia,
1116 3339 1189 3399 quae

232 3402 278 3463 vel
294 3403 368 3466 alius
386 3407 545 3485 imperator
559 3406 690 3486 prudens
707 3415 735 3469 ct
748 3408 866 3486 inpiger
882 3408 913 3466 in
926 3406 977 3468 tali
990 3424 1023 3468 rc
1038 3406 1188 3484 praecipe·

185 3491 216 3544 to
232 3493 278 3548 ret
293 3495 466 3568 ageretque,
482 3492 627 3570 praecipit
645 3491 749 3553 ordine
765 3500 852 3568 atque
866 3493 939 3568 agit:
962 3489 1035 3551 illud
1051 3489 1187 3552 eximium
