2572 3956
211 207 251 270 86
384 223 479 264 uisne
494 223 527 263 11.
559 223 629 265 cur.
645 214 688 268 id.
703 215 748 268 it.
775 208 815 283 [a.
833 225 862 264 u.
880 225 905 264 c.
925 204 988 281 259]

211 377 285 440 sent,
301 369 379 431 bello
397 372 543 448 praeverti
560 390 625 434 sese
643 373 815 449 quiequam:
833 387 898 440 nec,
914 373 939 432 si
953 372 991 432 sit
1005 369 1168 434 laxamenti

190 502 193 508 .
212 453 335 531 aliquid,
356 459 406 514 aut
424 452 505 534 plebi
519 454 677 516 honestum
691 473 770 525 esse,
788 455 846 515 nisi
863 455 1002 516 mercede
1018 457 1102 534 prius
1116 474 1168 516 ac·

212 545 308 618 cepta.
320 553 401 597 arma
416 555 470 615 pre
488 540 582 616 patria
602 555 663 598 non
681 537 810 616 cepisse,
831 555 928 616 neque
947 537 1080 618 patribus
1095 543 1168 601 satis

213 621 367 690 decorum,
403 639 457 698 per
482 629 592 682 metum
621 623 718 700 potius
743 639 831 700 quam
847 623 1001 702 postmodo
1017 623 1168 686 voluntate

178 705 336 768 oadnietis
365 706 471 764 civium
495 721 616 766 suorum
643 705 771 767 fortunis
802 705 994 768 consduisse.
1035 707 1168 767 contioni

213 787 319 851 deinde
341 787 435 849 edicto
459 789 570 849 addidit
589 789 692 860 iidem,
721 803 778 866 quo
801 789 907 860 edixit,
927 791 1052 868 nequis
1073 791 1168 852 civem
1268 843 1269 854 ,

211 875 377 934 Rornannm
392 874 520 932 vinctum
535 880 585 932 aut
599 871 732 933 clausum
745 879 870 943 teneret,
888 889 946 951 quo
957 875 1055 936 minus
1070 876 1098 934 ei
1112 889 1168 934 no·
1268 865 1269 944 J

211 957 299 1018 minis
315 955 421 1016 edendi
434 956 512 1034 apud
530 956 666 1018 consules
680 963 809 1036 potestus
831 957 929 1028 fleret,
951 973 1011 1018 neu
1031 959 1095 1036 quis
1111 959 1167 1017 mi·
1268 959 1269 970 ¹

211 1039 280 1110 litis,
301 1039 397 1100 donec
412 1041 444 1099 in
459 1042 562 1102 castris
577 1049 663 1110 esset,
678 1039 756 1100 bona
771 1041 937 1119 possideret
954 1047 1002 1101 aut
1016 1041 1167 1111 venderet,

179 1121 325 1185 oliberes
344 1132 503 1202 nepotesve
527 1127 591 1186 eius
615 1131 790 1184 moraretur.
822 1125 880 1185 hoc
894 1119 1046 1204 proposito
1070 1125 1167 1186 edicto

213 1216 242 1269 ct
258 1209 308 1285 qul
323 1207 446 1269 aderant
460 1209 529 1270 nexi
544 1209 681 1286 profiteri
691 1207 838 1286 extemplo
848 1207 976 1278 nomina,
994 1216 1023 1269 et
1035 1209 1166 1286 undique
1268 1247 1269 1286 p

214 1308 249 1353 ex
269 1299 327 1352 tota
352 1291 426 1353 urbe
440 1293 668 1371 proripientium
687 1309 718 1354 se
739 1311 774 1354 ex
790 1293 918 1370 privato,
936 1309 1004 1353 com
1017 1291 1166 1354 retinendi
1268 1293 1269 1322 ³

212 1377 258 1436 ius
285 1376 425 1436 creditori
446 1393 506 1438 non
530 1384 620 1447 esset,
646 1393 808 1436 concursus
831 1379 863 1436 in
881 1375 993 1447 forum,
1019 1383 1052 1436 ut
1069 1393 1167 1436 socra-

179 1465 311 1520 8ment0
336 1458 484 1530 dicerent,
500 1461 573 1520 deri.
604 1475 709 1536 magna
728 1475 761 1520 ea
774 1473 878 1520 manus
896 1459 965 1530 brit,
980 1475 1078 1538 neque
1093 1457 1167 1520 alio·
1268 1453 1269 1478 ³

212 1558 279 1602 rum
307 1544 400 1620 magis
427 1545 458 1602 in
479 1541 583 1604 Volsco
607 1541 686 1603 bello
713 1543 804 1604 uirtus
830 1551 916 1622 atque
942 1561 1032 1623 opera
1053 1544 1166 1604 enituit.
1268 1607 1269 1614 χ

213 1626 316 1687 consul
342 1629 441 1705 copias
456 1634 558 1688 contm
575 1625 690 1688 hostem
714 1627 824 1698 educit,
845 1641 935 1707 parvo
951 1627 1107 1689 dirimente
1120 1627 1167 1686 in·

212 1707 334 1770 tervallo
353 1719 447 1773 castra
461 1711 554 1790 ponit.

181 1799 193 1848 1
273 1793 362 1873 XXV,
388 1795 529 1876 Proxima
543 1793 612 1855 iude
635 1801 721 1860 nocte
742 1793 840 1856 Volsci
867 1793 1013 1855 discordia
1034 1793 1166 1854 Romana
1268 1855 1269 1860 ,

213 1878 296 1948 freti,
322 1880 347 1940 si
374 1896 430 1957 qua
454 1885 599 1940 nocturna
625 1875 759 1938 transitio
784 1877 948 1958 proditiove
968 1879 1034 1964 deri
1056 1883 1165 1956 posset,
1268 1925 1269 1960 3

213 1968 356 2040 temptant
371 1970 475 2023 castra.
510 1979 632 2024 sensere
646 1961 764 2039 rigiles,
790 1963 931 2024 excitatus
946 1964 1108 2031 exereitus,
1127 1961 1165 2022 si·
1268 1969 1269 1974 ’

213 2063 270 2124 gno
287 2044 354 2106 dato
370 2064 548 2106 concursum
563 2052 608 2107 est
622 2044 659 2106 ad
673 2063 769 2106 arma:
788 2047 828 2106 ita
843 2045 952 2106 frustra
969 2044 1001 2105 id
1015 2048 1167 2126 inceptum

178 2129 195 2179 2
212 2127 325 2190 Volscis
344 2128 413 2198 iuit;
436 2127 562 2191 relicum
583 2130 677 2189 noctis
697 2132 846 2207 utrimque
867 2131 959 2206 quieti
975 2128 1083 2189 datum.
1112 2145 1166 2206 po·

212 2219 291 2274 stero
314 2211 362 2272 die
381 2214 476 2290 prima
497 2212 564 2274 luce
583 2211 682 2274 Volsci
702 2212 789 2276 fossis
815 2211 937 2290 repletis
957 2207 1064 2274 vallum
1084 2213 1165 2272 iuva·

178 2297 194 2349 a
212 2295 294 2356 dunt.
316 2296 434 2370 iamque
451 2291 487 2354 ab
504 2297 585 2356 omni
600 2303 683 2374 parte
698 2299 879 2358 munimenta
890 2294 1081 2365 vellebantur,
1099 2312 1165 2355 cum

212 2378 329 2448 consul,
351 2394 527 2457 quamquam
548 2381 645 2439 cuncti
668 2379 814 2456 undiquc,
837 2385 867 2440 et
886 2381 955 2440 nexi
969 2386 1035 2441 ante
1053 2394 1164 2446 omnes,

211 2469 243 2522 ut
263 2463 380 2540 signum
402 2463 486 2523 daret
506 2462 684 2532 clamabant,
712 2461 885 2541 experiendi
906 2463 1020 2524 anbnos
1041 2461 1165 2522 militum

211 2563 298 2606 causa
322 2561 483 2626 parumper
502 2553 648 2616 moratus,
670 2553 826 2626 postquam
848 2547 918 2608 satis
938 2545 1100 2624 apparebat
1118 2545 1164 2604 iu·

211 2645 283 2706 gens
306 2628 410 2698 ardor,
432 2629 498 2690 dato
521 2630 640 2690 tandem
656 2629 693 2690 ad
709 2628 923 2710 erumpendum
938 2632 1022 2706 signe
1043 2627 1164 2689 militem

177 2714 193 2762 4
211 2711 326 2772 aridum
341 2713 509 2772 certaminis
522 2713 633 2773 emittit.
656 2715 752 2792 primo
769 2714 866 2774 statim
881 2713 1002 2773 incursu
1017 2709 1094 2790 pulsi
1109 2711 1163 2769 ho·

210 2803 284 2862 stes:
299 2794 486 2872 fugientibus
505 2797 602 2871 quoad
615 2797 732 2874 insequi
746 2795 837 2876 pedes
849 2797 952 2874 potuit,
970 2803 1052 2872 terga
1068 2811 1161 2863 caesa,

211 2895 301 2955 eques
321 2893 415 2954 usque
435 2877 472 2938 ad
492 2887 587 2939 castra
607 2880 727 2958 pavidos
745 2882 813 2957 egit.
844 2895 912 2940 mox
931 2881 994 2958 ipsa
1012 2883 1107 2939 castra
1120 2875 1163 2940 le·

210 2959 570 3038 gionibuueircumdatis,
593 2979 660 3023 cum
675 2961 796 3024 Volscos
818 2963 888 3024 inde
904 2964 991 3024 etiam
1005 2979 1096 3040 pavor
1114 2979 1162 3023 ex·

176 3041 347 3124 opulisset,
368 3053 452 3124 capta
474 3046 656 3124 direptaque.
688 3053 808 3126 postero
832 3047 879 3107 die
901 3047 938 3107 ad
952 3047 1090 3108 Suessam
1107 3043 1163 3105 Po·

209 3129 343 3198 metiam,
366 3146 423 3206 quo
448 3128 641 3206 confugerant
660 3127 775 3200 hostes,
793 3127 960 3206 legionibus
975 3130 1070 3192 ductis
1086 3130 1163 3188 intro
1268 3153 1269 3158 ¹

209 3227 320 3288 paucos
345 3211 408 3272 dles
435 3212 575 3290 oppidum
601 3213 729 3292 capitur,
759 3219 876 3291 captum
901 3213 1030 3292 praedae
1055 3212 1161 3274 datum.

176 3294 193 3344 ὕ
210 3293 279 3354 inde
298 3293 419 3372 paulum
434 3303 584 3356 recreatus
607 3313 696 3373 egens
710 3295 803 3358 miles.
839 3295 941 3357 consul
957 3313 1024 3357 eum
1038 3297 1162 3356 maxima

211 3373 304 3452 gloria
324 3396 377 3438 sua
394 3379 535 3440 rictorem
550 3380 711 3440 exereitum
724 3377 848 3441 Romam
862 3379 987 3469 reducit.
1017 3377 1162 3440 deceden-

210 3467 269 3521 tem
290 3459 413 3520 Romam
435 3461 647 3521 Ecetranorum
669 3461 841 3525 Volscorum
856 3461 966 3540 legati,
989 3461 1080 3523 rebus
1103 3463 1162 3523 suis
