2580 3954
208 263 270 325 220
294 277 390 320 cinna
405 277 448 321 rr.
473 277 543 320 oar.
559 270 603 323 25.
630 259 671 342 [a.
685 280 716 321 u.
732 279 759 320 c.
774 267 900 324 iil-323.
926 278 953 319 a.
972 256 1008 318 O.
1023 256 1087 340 430]

209 445 244 486 ex
259 424 343 487 libris
355 424 516 503 placandae
527 426 615 487 deum
628 429 692 488 irae
708 425 943 502 avertendaeque
958 443 974 484 a
988 425 1099 503 populo
1113 443 1169 504 pc·

208 511 260 570 stis
280 527 368 570 causa
389 510 502 572 iecere:
524 527 630 588 magna
649 517 749 572 tamen
772 508 870 570 clades
892 511 923 569 in
937 507 1013 570 urbe
1029 511 1174 587 nmisque

173 595 376 672 epromiscue
397 593 550 654 bominum
573 611 774 672 pecorumque
801 594 934 672 pernicie
955 600 1085 672 accepta.
1124 594 1168 654 ia·

207 694 286 738 mem
308 676 471 738 cultoribus
492 693 632 755 agrorum
655 679 793 739 timentes
812 678 846 737 in
866 676 1016 738 Etruriam
1036 677 1172 756 Pompti-

207 777 338 839 numque
360 777 465 838 agrum
487 770 516 822 ct
530 761 645 823 Cumas.
678 768 829 840 postremo
851 761 883 819 in
897 759 1027 822 Siciliam
1049 777 1173 838 quoque

173 843 349 905 strumenti
372 861 460 906 causa
486 846 603 906 misere.
645 843 847 906 consularium
872 845 1062 905 comitiorum
1086 844 1169 906 nulla
1272 863 1273 900 ;

207 929 317 988 mentio
343 926 444 988 babita
475 933 533 989 est:
560 928 674 988 tribuni
697 928 823 990 militum
847 927 998 990 consulari
1023 934 1174 1006 potestate·

208 1027 312 1071 omncs
331 1012 447 1088 patricii
463 1013 555 1072 creati
568 1021 650 1081 sunt,
674 1012 706 1073 L.
722 1013 859 1074 Pinarius
875 1012 1041 1073 Mamercus
1061 1011 1093 1072 L.
1110 1012 1170 1073 Fu·

174 1095 270 1156 erius
295 1093 472 1157 Medullinus
496 1095 546 1174 Sp.
570 1095 737 1158 Postumius
759 1095 860 1158 lmus.
886 1129 921 1140 -
951 1095 994 1156 no
1022 1113 1099 1156 anno
1125 1097 1175 1157 vis

207 1177 305 1239 morbi
320 1177 428 1249 levata,
449 1195 547 1256 neque
567 1182 724 1259 apenurie
745 1180 900 1248 frumenti,
923 1181 991 1257 quia
1013 1186 1080 1240 ante
1099 1197 1174 1258 pro·

173 1275 190 1323 7
207 1263 302 1323 risum
313 1261 395 1332 erat,
409 1263 576 1342 pericnlum
589 1264 652 1325 iuit.
688 1263 810 1326 consilia
831 1264 867 1325 ad
885 1263 1028 1324 movenda
1042 1262 1121 1324 bella
1136 1266 1170 1324 in

207 1345 382 1407 Volscorurn
395 1347 624 1425 Aequorumque
638 1347 772 1410 conciliis
787 1355 816 1409 et
830 1349 860 1408 in
877 1347 996 1408 Etruria
1011 1347 1050 1408 -ad
1066 1348 1169 1408 fanum

173 1436 190 1486 8
207 1428 380 1490 Voltumnae
396 1433 514 1508 agitata.
545 1429 588 1491 ibi
598 1431 731 1508 prolatae
745 1433 777 1491 in
789 1447 898 1492 annum
909 1448 972 1499 res,
987 1432 1172 1509 decretoque

208 1519 341 1582 cautum,
353 1529 392 1573 ne
404 1514 483 1591 quod
494 1522 562 1576 ante
577 1513 738 1574 concilium
747 1515 846 1585 lieret,
858 1516 1038 1592 nequiquam
1047 1514 1171 1576 Veiente

207 1594 319 1674 populo
337 1605 481 1673 querente
499 1598 639 1668 eandem,
659 1615 717 1676 qua
736 1598 865 1660 Fidenae
888 1597 1002 1660 deletae
1017 1599 1090 1667 sint,
1113 1601 1170 1659 im·

208 1679 323 1741 minere
340 1679 420 1742 Veiis
435 1681 592 1742 fortunam.

172 1776 190 1828 a
269 1762 391 1825 Interim
407 1764 519 1827 Romae
533 1767 686 1844 principes
702 1765 814 1844 plebis,
840 1766 900 1826 lam
924 1766 974 1827 diu
989 1769 1171 1845 nequiquam

206 1848 394 1916 imminentes
408 1849 473 1928 spei
494 1850 615 1910 maioris
630 1848 769 1920 honoris,
791 1849 861 1909 dum
877 1849 950 1910 ioris
973 1851 1064 1910 otium
1081 1857 1165 1918 esset

88 1941 91 1948 “
158 1945 190 1997 10
207 1938 309 1992 coetus
323 1930 456 1994 indicere
475 1934 507 1993 in
529 1934 632 1995 domos
652 1932 841 1994 tribunorum
859 1931 971 2011 plebis;
992 1931 1035 1994 ibi
1054 1943 1165 1995 secreta

207 2013 329 2075 consilia
345 2017 473 2093 agitare,
498 2019 583 2094 queri
605 2036 637 2078 se
658 2015 779 2096 aplebe
794 2016 1014 2094 adeospretos,
1034 2023 1081 2088 ut,
1100 2035 1169 2078 emn

207 2115 261 2176 per
269 2104 314 2157 tot
324 2115 417 2160 annos
429 2098 542 2162 tribuni
557 2100 685 2162 militum
696 2098 845 2162 consulari
858 2107 1002 2178 potestate
1017 2107 1166 2170 creentur,

158 2189 188 2240 11
207 2179 281 2242 nulli
295 2198 433 2258 umquam
445 2182 564 2260 plebeio
580 2184 617 2244 ad
634 2202 702 2246 eum
712 2183 858 2245 honorem
869 2183 965 2244 aditus
975 2183 1073 2245 luerit
1092 2183 1167 2244 mul·

206 2271 270 2325 tum
285 2265 450 2342 providisse
466 2283 536 2328 suos
552 2269 693 2338 maiores,
713 2269 765 2346 qui
782 2269 927 2337 caverint,
951 2285 990 2329 ne
1012 2269 1060 2328 cui
1075 2270 1168 2346 patri·

208 2349 254 2407 cio
269 2346 368 2425 plebei
382 2350 569 2428 magistratus
583 2359 720 2429 paterent
736 2385 771 2397 -
789 2359 839 2412 aut
858 2352 998 2430 patricios
1013 2351 1168 2413 habendos

207 2431 298 2492 luisse
314 2430 451 2495 tribume
463 2433 560 2513 plebi:
583 2436 657 2497 adeo
678 2453 710 2498 sc
729 2436 790 2497 suis
813 2435 901 2496 etiam
921 2433 1058 2504 sordere,
1080 2453 1172 2496 neca

158 2527 190 2578 12
207 2513 296 2595 plebe
312 2517 411 2579 minus
424 2535 512 2594 quam
528 2538 543 2579 a
559 2519 694 2597 patribus
710 2520 868 2582 contemni.
898 2517 949 2579 alii
963 2535 1091 2596 purgare
1105 2518 1169 2596 ple·

207 2597 292 2669 bem,
309 2599 426 2678 culpam
440 2603 471 2661 in
482 2609 582 2680 patres
596 2612 729 2666 vertere:
748 2619 851 2665 eorum
867 2600 1027 2664 ambitione
1043 2602 1177 2664 artibus--

208 2699 266 2760 que
276 2684 358 2752 ilari,
374 2690 407 2743 ut
422 2684 596 2765 obsaeptum
611 2687 692 2767 plebi
703 2689 742 2749 sit
757 2687 793 2748 ad
805 2685 950 2748 bonorem
965 2686 1032 2748 iter.
1054 2689 1079 2748 si
1087 2685 1170 2765 plebi

207 2768 358 2844 respirare
376 2766 412 2828 ab
432 2787 535 2830 eorum
550 2771 649 2832 mixtis
669 2769 810 2850 precibus
825 2771 972 2849 minisque
988 2767 1169 2840 liceatlme·

207 2865 322 2911 morem
336 2868 402 2910 eam
417 2869 539 2914 suorum
556 2855 696 2914 inituram
707 2854 845 2930 suffragia
856 2871 936 2923 esse,
950 2859 979 2913 et
989 2860 1074 2931 parto
1087 2854 1168 2913 auxi·

160 2941 192 2996 ta
208 2930 249 2992 lio
267 2932 425 3012 imperium
443 2952 561 3014 quoque
573 2937 761 2998 adscituram.
794 2935 893 3014 placet
911 2934 1060 2998 tollendae
1075 2934 1173 2997 ambi·-

206 3016 297 3077 tionis
310 3033 399 3078 causa
414 3018 550 3083 tribunos
569 3019 666 3098 legem
682 3020 888 3100 promulgaret
904 3037 943 3080 ne
958 3021 1007 3080 cul
1022 3018 1121 3080 album
1136 3020 1167 3079 in
1273 3067 1275 3084 .

205 3101 411 3163 vestimentum
426 3101 535 3165 addere
555 3106 706 3183 petitionis
723 3104 827 3168 liceret
844 3121 942 3166 causa.
975 3121 1065 3181 parra
1086 3119 1165 3162 nunc

205 3200 255 3245 res
275 3192 305 3246 et
325 3185 372 3244 vix
394 3189 473 3248 serio
496 3189 609 3266 agenda
629 3189 724 3250 rideri
746 3188 853 3266 possit,
878 3203 954 3264 quae
970 3194 1041 3248 tunc
1054 3187 1165 3263 ingenti

156 3278 188 3329 14
206 3269 366 3328 certamine
377 3277 476 3346 patres
491 3288 526 3333 ac
537 3270 656 3350 plebem
669 3271 813 3334 accendit.
830 3272 1034 3333 viceretamen
1044 3269 1165 3339 tribuni,

205 3356 238 3408 ut
251 3348 347 3426 legem
357 3352 541 3428 perterrere
558 3354 778 3433 apparebatque
790 3355 919 3415 inritatis
931 3353 1038 3414 animis
1049 3351 1172 3432 plebem

205 3431 242 3490 ari
256 3450 325 3493 suos
340 3431 435 3494 studia
446 3436 664 3499 inclinaturam.
694 3457 768 3518 quae
782 3455 822 3500 ne
832 3436 926 3500 libera
944 3443 1062 3506 essent,
1081 3451 1171 3496 sena-

204 3523 252 3576 tus
264 3514 431 3577 consultum
439 3519 550 3581 lactum
558 3527 611 3592 est,
625 3529 658 3582 ut
667 3522 836 3586 consularia
844 3523 963 3583 comitia
974 3519 1157 3582 haberentur
