2572 3956
190 207 229 270 62
434 219 529 260 mann
542 218 563 258 1.
582 217 652 258 aar.
668 208 710 262 60.
741 217 837 257 uranu
856 215 890 258 11.

189 387 263 429 nova
278 367 410 444 trepidus
425 383 477 427 rex
492 371 631 443 pergeret
645 363 768 440 Romam
782 363 818 425 ad
830 363 1068 442 comprimendos
1078 382 1139 426 mo·

189 458 244 521 tus,
260 450 341 512 ilexit
357 451 433 509 viam
449 448 557 508 Brutus
571 481 606 492 -
624 455 756 510 senserat
773 448 851 509 enim
867 447 1021 508 adventum
1040 481 1087 518 -,
1103 467 1141 510 ne

190 534 292 595 obrius
315 534 414 600 lieret;
437 532 599 608 eodemque
621 532 684 593 iere
699 539 833 611 tempore
850 530 971 592 diversis
985 530 1140 594 itineribus

155 628 172 676 a
189 617 297 677 Brutus
312 616 447 685 Ardeam,
466 615 643 692 Tarquinius
654 615 777 675 liomam
798 620 949 675 uenerunt.
980 614 1140 691 Tarquinio

190 700 306 761 clausae
328 706 432 780 portae
460 697 638 775 exiliumque
662 698 819 765 indictum;
846 695 1036 758 liberatorem
1058 697 1141 759 urbis

188 783 264 846 laeta
288 789 384 844 castra
404 797 563 859 accepere,
584 783 735 859 exactique
755 780 823 841 inde
848 779 936 841 liberi
959 781 1048 857 regis.
1083 782 1141 842 duo

188 873 303 946 patrem
314 867 407 927 secuti
419 871 496 934 sunt,
509 865 559 940 qui
571 863 717 925 exulatum
728 865 819 927 Caere
834 865 865 924 in
875 862 1016 924 Etruscos
1026 865 1140 932 ierunt;

189 951 294 1012 Sextus
309 943 487 1025 Tarquinius
503 945 613 1009 Gabios
627 955 773 1025 tamquam
792 949 823 1008 in
834 965 919 1008 sunm
934 963 1060 1024 regnum
1070 965 1141 1026 pro-

187 1034 283 1094 iectus
304 1031 340 1093 ab
365 1030 511 1092 ultoribus
527 1036 660 1091 veterum
678 1031 881 1100 simultatium,
903 1047 976 1107 quas
996 1029 1054 1091 sibi
1076 1031 1140 1108 ipse

153 1132 170 1184 a
188 1114 326 1178 caedibus
340 1116 511 1193 rapinisque
530 1115 689 1184 concierat,
704 1123 748 1176 est
760 1113 941 1175 interiectus.
967 1113 998 1174 L.
1016 1113 1139 1190 Tarqui·

187 1202 255 1261 nius
271 1198 423 1279 Superbus
440 1197 574 1277 regnarit
589 1213 683 1258 annos
700 1199 829 1275 quinque
844 1204 873 1260 et
890 1198 1001 1274 viginti.
1033 1213 1139 1274 regna·

187 1291 250 1343 tum
262 1283 372 1345 Romae
385 1281 422 1344 ab
438 1282 555 1343 condia
573 1280 649 1343 urbe
666 1282 702 1342 ad
721 1280 873 1342 liberatam
890 1297 982 1341 annos
998 1281 1138 1341 ducentos

152 1388 170 1436 4
188 1367 379 1444 quadraginta
401 1373 546 1442 quattuor.
581 1365 638 1425 duo
660 1363 795 1426 consules
813 1363 881 1426 inde
899 1364 1024 1425 comitiis
1039 1370 1140 1425 centu·

186 1450 269 1509 riatis
284 1468 299 1509 a
314 1449 463 1528 praelecto
478 1446 561 1509 urbis
577 1467 613 1509 ex
628 1448 846 1510 commentariis
861 1448 945 1510 Servi
959 1446 1038 1508 Tulli
1050 1448 1138 1509 creati

187 1539 263 1602 sunt,
279 1531 311 1592 L.
329 1531 431 1592 lunius
448 1531 558 1592 Brutus
574 1538 601 1592 et
615 1531 647 1591 L.
665 1531 842 1608 Tarquinius
858 1529 1027 1594 Collatinus.
1079 1586 1080 1590 ,

545 1815 777 1826 -ψ--ᾱ

439 2048 663 2112 Puuiouut
690 2047 817 2109 LIBRI
844 2047 883 2109 ll.

253 2197 345 2247 Brutus
361 2197 415 2246 lure
430 2197 535 2246 iurando
553 2195 675 2262 populum
686 2197 821 2248 adstrinxit
833 2197 958 2246 neminem
969 2211 1074 2262 regnare
1086 2197 1135 2247 lio·

184 2279 240 2314 mae
251 2278 394 2328 passurum.
411 2263 572 2326 Tarquinium
584 2263 735 2314 Collatinum
746 2264 868 2329 collegam
881 2278 954 2314 snum
963 2273 1065 2330 propter
1073 2263 1132 2314 adii·

184 2332 287 2380 uitatem
303 2329 494 2394 Tarquiniorum
510 2338 656 2395 suspectum
672 2331 755 2395 coegit
776 2331 909 2381 consulatu
925 2346 954 2380 se
978 2331 1096 2381 abdicare
1114 2345 1127 2381 e

184 2397 283 2446 civitate
300 2396 399 2446 cedere.
422 2397 489 2446 bona
505 2411 593 2462 regum
605 2396 678 2463 diripi
690 2397 778 2460 iussit,
790 2412 878 2463 agrum
889 2397 962 2446 Marti
973 2399 1135 2459 consecravit¹

184 2464 227 2528 qui
239 2477 343 2529 campus
355 2463 459 2512 Martius
471 2464 614 2513 nominatus
627 2471 673 2514 cst.
697 2464 871 2514 adulescentes
883 2463 995 2525 nobiles,
1007 2465 1033 2514 in
1045 2465 1136 2529 quibus

184 2545 245 2581 suos
256 2543 358 2594 quoque
370 2539 394 2579 et
405 2530 487 2580 botris
499 2531 578 2591 lilios,
592 2530 651 2595 quia
662 2531 852 2582 coniuravarant
864 2531 896 2580 de
907 2531 1058 2598 recipiendis
1069 2531 1134 2597 regl-

183 2599 245 2656 bus,
258 2597 340 2647 securi
351 2597 483 2663 percussit.
507 2612 579 2648 servo
592 2598 681 2657 iudici,
698 2599 740 2647 cui
751 2598 867 2648 Vindicio
880 2612 972 2648 nomen
984 2597 1044 2660 luit,
1060 2597 1135 2648 liber·

184 2672 261 2714 tatem
273 2663 358 2723 dedite
369 2679 400 2712 ex
418 2663 489 2713 ouius
501 2665 601 2714 nomine
612 2665 723 2714 vindicta
734 2665 868 2731 appellata.
892 2679 949 2715 cum
961 2665 1083 2715 adversm
1095 2680 1135 2714 re·

185 2745 243 2795 ges,
262 2731 304 2794 qni
317 2731 451 2780 contractis
461 2729 596 2786 Veientum
615 2733 642 2778 et
657 2731 873 2795 Tarqulniensinm
891 2733 969 2798 copiis
985 2731 1078 2781 bellum
1096 2731 1134 2780 in·

185 2797 306 2857 tulerant,
324 2797 460 2846 exermtum
477 2797 605 2858 duxisset,
623 2801 654 2848 iu
678 2798 732 2847 acle
759 2811 817 2848 cnm
833 2799 940 2848 Arrunte
960 2797 1012 2848 filio
1029 2797 1136 2863 Superbi

185 2871 355 2914 commortuus
368 2873 414 2924 ast,
428 2877 535 2926 sumque
545 2872 674 2914 mamonae
684 2879 752 2915 anno
764 2865 888 2918 luxerunt.
905 2866 934 2915 P.
945 2865 1061 2914 Valerius
1073 2878 1134 2914 cou-

185 2930 225 2982 sul
237 2929 319 2996 legem
332 2929 363 2979 de
374 2929 552 2996 provocatione
563 2931 596 2980 ad
606 2931 729 2998 populum
744 2930 810 2982 tulit.
834 2931 982 2998 Capitolium
994 2931 1136 2982 dedicatum

184 3006 231 3049 ast.
255 2997 385 3048 Porsenna
403 2995 561 3047 Clusinorum
576 3013 623 3048 rex
638 2997 704 3049 bello
721 3013 766 3065 pro
776 2999 924 3063 Tarquiniis
943 3007 1061 3065 suscepto
1079 3013 1136 3047 cum

183 3065 215 3115 ad
234 3064 373 3114 Ianiculum
389 3064 513 3124 venisset,
531 3079 563 3115 ne
580 3065 688 3115 Tiberim
704 3067 821 3122 transiret
836 3067 926 3116 virtute
939 3065 1039 3117 Coclitis
1051 3064 1136 3115 Horati

201 3132 324 3186 rohibitus
341 3140 393 3193 est,
411 3131 468 3195 qui,
486 3131 546 3181 dum
562 3131 605 3181 alii
621 3141 723 3198 pontem
739 3132 872 3183 sublicium
888 3134 1048 3192 rescindunt,
1066 3131 1135 3181 solus

183 3147 303 3251 bouem·
315 3199 446 3258 sustinuit,
460 3207 485 3248 et
495 3207 573 3265 ponte
583 3209 657 3264 rupto
669 3208 778 3250 armatus
789 3201 816 3250 in
828 3200 921 3250 dumea
932 3215 961 3249 se
972 3199 1054 3258 misit,
1067 3207 1091 3247 et
1103 3197 1135 3247 ad

183 3279 244 3316 suos
260 3266 408 3318 transnavit.
437 3266 544 3316 accessit
560 3265 666 3316 alterum
683 3267 781 3317 virtutis
799 3266 942 3333 exemplum
953 3281 968 3316 a
979 3266 1075 3325 Mucio,
1093 3263 1136 3328 qui

184 3347 242 3382 oum
252 3333 286 3383 ad
297 3334 437 3383 tenendum
442 3331 597 3383 Porsennam
608 3343 690 3383 ossus
700 3332 811 3384 hostium
821 3335 946 3394 intrasset,
953 3334 1036 3384 occiso
1042 3329 1134 3390 scriba,

183 3399 1134 3533 stituit,ittuaiuutu‘attfltiiliuaiuiffiuuu

310 3503 316 3526 i
699 3503 706 3527 l
949 3504 956 3528 l
