2580 3954
270 208 363 248 neaera
382 207 429 248 ιιι.
460 206 530 250 cnr.
549 200 593 253 35.
606 199 649 254 36.
676 193 713 269 [a.
732 189 767 252 O.
782 201 842 256 451.
857 193 921 271 450]
1007 197 1070 262 loe
1095 187 1098 201 .

116 363 169 418 set.
198 353 249 418 ilie
264 355 428 425 enimvero,
450 354 529 432 quod
542 354 619 420 bere
633 363 734 428 vmtat,
749 357 917 420 habiturum
932 379 964 423 se
976 363 1067 422 conri-

116 441 155 500 tia
171 437 323 517 professus
337 437 579 516 impedimentum
593 458 648 520 pre
661 443 816 504 occasione
831 444 969 521 arripuit,
986 445 1067 507 deie·
1084 460 1105 512 a

117 524 229 600 ctisque
249 521 365 582 honore
384 539 439 601 per
461 523 618 586 coitionem
638 523 753 586 duobus
768 523 926 597 Quinctiis,
951 528 1066 606 Capito·

114 606 175 666 lino
191 613 220 667 et
231 604 412 674 Cincinnato,
425 611 455 667 et
463 611 569 684 patruo
581 626 634 668 suo
646 609 676 671 C.
690 608 819 680 Claudio,
832 612 1066 673 constantissimo

114 693 176 749 viro
192 690 224 749 in
239 690 411 767 optimatum
430 706 533 760 eausa,
556 697 585 752 et
598 691 664 752 aliis
679 693 808 754 eiusdem
822 693 931 771 fastigii
945 693 1066 765 civibus,

113 790 300 850 nequaquam
320 770 477 850 splendore
501 776 576 836 vitae
598 793 685 854 peres
708 777 890 838 decemviros
915 786 1011 848 creat,
1036 797 1068 840 se
1087 793 1121 844 ιι

112 857 289 936 inprimis,
315 856 394 933 qued
419 856 499 918 baud
524 877 609 920 secus
630 859 739 920 famum
764 859 963 940 inprobabant
985 861 1066 934 boni,

114 959 202 1018 quam
221 957 309 1002 nemo
330 939 429 1002 iacere
453 958 593 1002 ausurum
616 943 791 1005 crediderat.
831 947 923 1005 creati
944 963 1012 1006 cum
1030 963 1066 1007 eo
1086 964 1116 1016 li

111 1026 149 1087 Μ.
167 1023 321 1088 Cornelius
336 1023 546 1101 Maluginensis
562 1025 600 1086 M.
617 1027 739 1104 Sergios
753 1027 785 1088 L.
801 1029 947 1090 Minucius
961 1026 995 1099 Q.
1010 1029 1066 1090 Fa·
1155 1022 1158 1027 ’

111 1109 178 1170 bius
194 1106 356 1170 Vibulanus
372 1104 406 1176 Q.
419 1107 560 1170 Poetilius
575 1109 608 1170 Τ.
620 1110 764 1172 Antonius
774 1111 913 1172 Merenda
930 1113 965 1174 Κ.
978 1112 1066 1174 Direl-

56 1270 60 1275 ¹
112 1192 169 1256 lius
185 1193 235 1271 Sp.
254 1191 367 1271 Oppius
383 1191 530 1253 Cornicen
544 1191 591 1252 Μ’.
608 1191 775 1255 Rabuleius.

171 1275 296 1338 xxxvl.
329 1274 381 1338 lile
404 1274 472 1338 linis
498 1275 593 1354 Appio
620 1274 734 1337 menae
755 1294 902 1356 personae
926 1277 1066 1340 ferendae
1086 1297 1099 1346 1

111 1361 180 1428 luit;
202 1378 255 1422 suo
273 1359 332 1420 iam
351 1357 420 1420 inde
439 1359 536 1420 vivere
556 1360 675 1438 ingenio
691 1362 788 1438 coepit
806 1375 958 1438 naresque
975 1361 1065 1424 colle·
1119 1371 1127 1384 ·
1183 1401 1187 1407 -

110 1459 162 1522 gas
181 1445 240 1504 iam
259 1445 432 1521 priusquam
455 1443 566 1504 inirent
584 1444 799 1521 magistratum,
824 1445 856 1504 in
876 1461 948 1506 suos
966 1461 1065 1507 meres

110 1529 248 1590 formare.
278 1527 386 1588 cotidie
408 1525 527 1587 coibant
546 1529 668 1590 remotis
683 1526 816 1590 arbitris:
841 1527 911 1590 iude
928 1531 1064 1609 inpoten-
1083 1541 1102 1590 2

110 1611 188 1690 tibus
206 1613 343 1674 instructi
358 1609 504 1681 consiliis,
527 1627 603 1688 quae
617 1619 732 1674 secreto
752 1611 788 1673 eb
807 1611 872 1674 aliis
887 1612 1063 1690 coquebant,

108 1699 168 1758 iam
182 1695 262 1758 haud
274 1693 483 1757 dissimulando
493 1693 673 1772 superbiam,
689 1698 751 1756 reri
762 1696 866 1766 aditus,
882 1695 1063 1774 conlomen·

108 1779 188 1842 tibus
203 1778 351 1848 difficilem
371 1777 409 1838 ad
427 1777 494 1839 idus
511 1777 603 1840 Maias
623 1797 688 1840 rem
709 1781 886 1858 perduxere.
919 1780 985 1840 idus
1002 1787 1099 1840 turne

107 1865 202 1926 Maiae
222 1862 380 1925 sollemnes
400 1861 538 1923 ineundis
551 1861 770 1940 magistratibus
785 1869 877 1924 erant.
911 1865 995 1924 initio
1009 1865 1064 1942 igi·

108 1957 157 2008 tur
180 1949 366 2025 magistratus
389 1946 519 2024 primum
537 1944 661 2006 honeris
683 1945 761 2006 diem
781 1947 1003 2008 denuntiatione
1018 1950 1065 2008 in·

107 2032 203 2111 gentis
219 2032 343 2093 terroris
357 2030 504 2107 insignem
519 2027 627 2090 secere.
658 2046 727 2090 nana
742 2047 810 2090 oum
825 2031 864 2091 ita
878 2031 995 2110 priores
1013 2030 1063 2092 de·

108 2116 229 2177 cemviri
243 2120 416 2184 seruassent,
431 2119 465 2174 ut
477 2130 554 2174 unus
569 2111 664 2174 lasces
680 2112 813 2186 haberet,
831 2120 861 2176 et
874 2113 931 2176 hoo
946 2115 1063 2193 insigne

107 2201 224 2277 regium
243 2201 275 2259 in
297 2195 401 2259 orbem
420 2214 504 2259 suam
526 2198 668 2274 cuiusque
690 2199 784 2260 vicem
806 2215 861 2278 per
874 2215 980 2260 amires
995 2200 1060 2269 iret,

106 2283 204 2346 subito
226 2299 329 2344 omnes
347 2299 417 2342 cum
438 2280 581 2342 duodenis
605 2281 735 2344 fascibus
754 2283 903 2363 prodiere.
940 2291 1100 2344 cenbame

107 2367 210 2446 viginti
222 2365 345 2428 lictores
361 2365 458 2427 iorum
480 2363 678 2443 inpleverant,
700 2374 730 2428 et
749 2384 817 2426 cum
831 2365 961 2428 fascibus
977 2385 1061 2428 secu·

105 2469 157 2512 res
226 2457 307 2528 gates
320 2447 542 2528 praeierehant:
567 2466 624 2510 nec
647 2449 807 2512 adtinuisse
821 2448 900 2512 demi
915 2467 1060 2520 securem,

106 2553 175 2597 cum
201 2535 265 2596 sine
290 2534 500 2612 provocatione
522 2535 618 2594 =rreati
645 2539 758 2603 essent,
779 2531 1059 2613 interpretabantur.

105 2620 210 2680 decem
234 2633 339 2696 regum
360 2618 473 2695 species
493 2623 571 2687 erat,
594 2615 863 2695 multiplicatusque
879 2624 978 2698 terror
1000 2629 1096 2678 nono

104 2701 215 2763 intimis
236 2699 332 2762 solum
353 2701 405 2762 sed
425 2699 607 2780 primoribus
627 2708 760 2780 patrum,
784 2702 856 2762 ratis
877 2701 976 2764 caedis
992 2714 1061 2761 cau·

104 2804 168 2849 sam
183 2803 217 2846 ac
234 2785 414 2865 principium
427 2786 545 2863 quaeri,
560 2793 607 2854 ut,
622 2786 648 2847 si
664 2786 730 2862 quis
743 2801 907 2847 memorem
918 2782 1061 2847 libertatis

104 2887 208 2930 vocem
229 2875 279 2930 ant
295 2871 326 2929 in
343 2874 446 2930 senatu
464 2876 514 2930 aut
531 2871 563 2930 in
576 2869 720 2948 populum
734 2871 875 2940 misisset,
892 2870 988 2932 statim
1002 2869 1062 2928 vir·

103 2971 160 3032 gae
174 2970 351 3030 securesque
369 2954 457 3014 etiam
476 2953 513 3013 ad
530 2959 699 3016 ceterorum
714 2959 826 3015 metum
840 2953 1058 3032 expedirentur.

102 3054 175 3098 nam
188 3041 306 3113 praeter
319 3051 408 3113 qaam
421 3036 500 3114 quod
514 3038 545 3098 in
555 3037 667 3116 populo
678 3035 752 3098 nibil
765 3043 828 3098 erat
837 3035 978 3115 praesidi
989 3035 1063 3096 sub*

5 3113 6 3136 ¹
102 3121 162 3182 leta
175 3121 400 3200 provocatione,
423 3121 666 3183 intercessionem
686 3133 805 3198 quoque
830 3135 976 3181 consensu
992 3135 1061 3180 sus·

103 3204 242 3274 tulerant,
257 3219 325 3264 cnm
342 3204 459 3282 priores
469 3204 627 3266 decemviri
638 3203 834 3285 appellatione
846 3201 978 3280 collegae
991 3211 1061 3262 oer-

102 3289 161 3366 rigi
178 3288 294 3351 reddita
308 3286 345 3348 ab
358 3305 394 3349 se
407 3288 473 3352 iera
487 3286 635 3360 trdissent,
650 3296 680 3351 et
693 3287 847 3366 quaedam,
861 3301 937 3364 qrree
952 3287 999 3352 sni
1011 3286 1060 3345 iu·

101 3372 176 3433 dicii
191 3373 285 3435 videri
301 3377 437 3452 possent,
455 3372 491 3434 ad
506 3370 649 3452 populum
665 3373 848 3434 reiecissent.
878 3365 1058 3448 aliquanadln

100 3461 245 3533 aequatus
265 3458 342 3518 inter
363 3473 466 3519 omnes
481 3464 579 3518 terror
595 3455 664 3526 luit,
686 3453 827 3534 paulatim
846 3460 924 3516 totus
940 3459 1058 3516 vertere
