2534 3956
295 206 434 248 1111111.
458 205 529 247 111.
546 196 589 249 21.
604 196 648 250 it.
663 195 707 251 13.
730 184 769 268 [e.
787 183 899 266 (1396]
1017 189 1079 251 279

126 347 303 435 publicoque
318 346 422 432 populi
437 352 563 413 Romani
577 351 688 413 liceret.
720 357 939 412 convertentem
953 369 985 413 se
1002 352 1080 413 inter
1099 355 1131 408 16

14 427 16 482 Ῑ
126 437 201 500 hanc
225 437 444 498 venerationem
468 437 592 497 traditur
615 437 776 497 memoriae
805 433 977 512 prolapsum
1003 436 1079 496 ceci·

126 519 221 588 disse;
243 520 333 598 idque
349 536 436 580 omen
453 520 630 598 pertinuisse
650 526 752 598 postea
775 525 960 580 eventuram
980 520 1078 580 conio·

126 603 272 665 stantibus
296 604 390 664 visum
411 603 448 664 ad
471 602 690 664 damnationem
712 602 805 680 ipsius
827 599 955 670 Camilli,
977 608 1079 678 captae

125 687 232 748 deinde
249 684 333 747 urbis
347 685 514 756 Romanae,
536 686 615 764 quod
631 693 699 765 post
720 703 830 764 paucos
852 684 959 745 accidit
976 701 1078 754 annos,

126 768 248 831 cladem.
278 776 365 848 atquc
379 768 430 832 ille
445 769 508 831 dies
523 769 612 831 caede
624 769 753 830 hostium
767 787 801 830 11
814 768 980 846 direptione
997 766 1080 829 urbis
1098 780 1130 832 17

124 847 634 931 opulendssimaeestconsumptus.
918 903 921 912 ,

186 935 274 998 XXII.
306 936 429 999 Postero
443 937 492 999 die
508 935 603 999 libera
618 954 744 1015 corpora
759 936 883 1008 dictator
898 935 953 998 sub
970 951 1080 996 corona
1099 942 1113 995 1

123 1020 262 1084 vendidit.
295 1038 330 1082 ea
345 1018 408 1082 sola
421 1021 548 1099 pecunia
559 1021 591 1081 in
606 1018 758 1099 publicum
768 1020 911 1098 redigitur
922 1020 1001 1082 haud
1015 1020 1080 1080 sine

122 1101 294 1182 implebis.
324 1111 353 1164 et
378 1104 456 1183 quod
478 1102 618 1164 rettulere
640 1121 740 1164 secum
769 1104 897 1181 praedae
924 1121 980 1165 nec
1001 1103 1078 1172 duci,

123 1189 174 1265 qui
195 1185 232 1246 ad
254 1193 403 1255 senatum,
432 1184 619 1264 malignitatis
640 1193 776 1246 auctores
800 1187 986 1262 quaerendo,
1015 1203 1080 1246 11111

123 1267 240 1330 arbitrii
255 1269 301 1329 sui
317 1269 485 1339 reiecisset,
505 1285 562 1329 nec
582 1270 711 1338 senatui,
729 1268 781 1330 scd
796 1268 927 1330 Liciniae
942 1267 1078 1338 familiae,
1097 1282 1114 1331 a

124 1372 161 1415 ex
176 1369 233 1430 qua
246 1350 324 1413 iilius
342 1351 380 1413 ad
403 1359 536 1413 senatum
553 1352 727 1422 rettulisset,
748 1357 833 1430 pater
852 1359 912 1413 tam
927 1350 1079 1431 popularis

123 1437 285 1498 sententiae
300 1442 404 1496 auctor
417 1435 535 1507 suisset,
559 1445 713 1514 acceptum
732 1435 912 1498 referebant.
941 1435 1080 1496 cumiani
1097 1448 1114 1500 3

122 1519 269 1581 humanae
292 1537 364 1598 opes
385 1527 501 1597 egestae
520 1537 537 1580 a
554 1519 622 1580 Veis
637 1525 750 1590 essent,
774 1519 891 1580 amoliri
912 1527 975 1581 tum
991 1518 1079 1580 deum

123 1603 200 1664 dona
223 1604 361 1682 ipsosque
387 1603 472 1674 deos,
494 1603 547 1664 sed
570 1601 730 1665 colentium
745 1605 839 1681 magis
858 1620 946 1682 quarn
960 1605 1078 1682 rapien-

124 1689 196 1748 tium
217 1687 321 1757 modo,
347 1704 482 1766 coepere.
513 1704 640 1766 namque
661 1684 767 1747 delecti
788 1689 925 1748 exomni
947 1686 1079 1748 exercitu
1097 1705 1114 1754 4

122 1773 242 1832 iuvenes
257 1787 333 1848 pure
354 1769 439 1831 lautis
457 1768 632 1847 corporibus
648 1769 770 1830 candida
788 1778 882 1840 veste,
901 1768 1008 1847 quihus
1027 1767 1078 1829 de·

1 1837 2 1918 ζ
121 1852 267 1932 portanda
280 1852 404 1913 Romam
418 1854 523 1930 regina
536 1852 609 1913 luno
621 1852 770 1930 adsignata
783 1861 859 1924 erat,
878 1851 1079 1914 venerabundi

122 1935 267 2015 templum
280 1935 390 2006 iniere,
406 1937 502 2014 primo
516 1935 654 2014 religiose
670 1937 858 1998 admoventes
867 1954 986 2008 manus,
999 1935 1079 2014 quod
1097 1945 1114 1996 1

122 2020 153 2080 id
169 2020 286 2096 signum
305 2036 388 2084 more
402 2018 528 2080 Etrusco
543 2021 601 2080 nisi
616 2027 714 2081 111111
725 2022 820 2098 gentis
832 2020 970 2082 sacerdos
981 2019 1078 2080 adtre-

123 2111 203 2165 ctare
218 2119 279 2163 non
296 2108 374 2164 esset
388 2101 501 2164 solitus.
535 2103 603 2164 dein
624 2121 691 2164 cum
707 2104 827 2182 quidam
844 2122 898 2166 seu
913 2104 1019 2182 spiritu
1035 2102 1079 2163 di·

121 2188 188 2247 vino
209 2192 304 2246 tactus
319 2204 372 2248 seu
385 2185 514 2248 iuvenali
530 2189 612 2248 ioco:
636 2188 739 2258 „visne
753 2187 878 2248 Romam
892 2189 952 2259 ire,
966 2186 1078 2248 lunol“

122 2270 258 2340 dixisset,
280 2270 417 2332 adnuisse
438 2271 530 2332 ceteri
551 2271 636 2332 deam
650 2269 917 2332 conclamaverunt.
949 2270 1018 2331 inde
1035 2270 1078 2330 ia-

1 2367 2 2392 *
120 2349 209 2415 bulae
223 2353 371 2415 adiectum
386 2361 431 2415 est
450 2370 553 2416 vocem
568 2373 686 2433 quoque
702 2355 825 2416 dicentis
842 2354 917 2416 velle
932 2354 1077 2422 auditam

121 2444 231 2498 motam
248 2445 328 2498 11111
339 2436 409 2498 sede
420 2456 473 2498 sua
487 2440 570 2516 parvi
581 2437 743 2498 molimenti
755 2437 940 2499 adminiculis
952 2455 1079 2515 sequen·
1096 2448 1114 2500 6

120 2522 158 2582 tis
170 2520 258 2580 modo
273 2522 444 2599 accepimus
458 2519 553 2580 levem
567 2539 601 2580 ac
615 2520 734 2581 facilem
748 2519 856 2581 tralatu
870 2520 978 2590 luisse,
1001 2521 1078 2582 inte·
1096 2533 1112 2582 1

121 2602 310 2680 3111111111
324 2602 517 2676 Aventinum,
541 2609 691 2664 aeternam
707 2602 808 2664 sedern
822 2621 922 2673 suam,
940 2620 998 2682 quo
1013 2611 1079 2664 vota

121 2685 246 2747 Romani
261 2684 413 2747 dictatoris
431 2692 618 2757 vocaverant,
643 2684 801 2766 perlatam,
819 2685 873 2746 ubi
887 2686 1030 2766 templum
1051 2689 1079 2747 ei

120 2775 224 2849 postea
241 2769 321 2830 idem
336 2771 387 2848 qui
402 2776 522 2831 ¹voverat
539 2769 677 2832 Camillus
692 2770 844 2831 dedicauit.
873 2770 923 2830 hic
939 2772 1078 2831 Veiorum
1096 2773 1113 2824 8

121 2869 245 2913 occasus
265 2852 335 2924 fuit,
359 2851 442 2914 urbis
460 2853 700 2932 opulentissimae
713 2852 832 2915 Etrusci
852 2854 995 2925 nominis,
1016 2871 1078 2914 ma·

121 2936 305 3015 gnitudinem
319 2955 403 2998 suam
418 2935 463 2998 vel
479 2929 581 2998 ullrma
597 2937 863 3008 cladeindieautis,
879 2937 959 3016 quod
974 2937 1078 2998 decem

120 3025 247 3081 aestates
262 3019 437 3098 hiemesque
451 3023 606 3082 continuas
624 3021 835 3092 circumsessa,
854 3038 922 3082 cum
938 3021 1006 3101 plus
1025 3019 1078 3082 ali·

121 3108 231 3182 quanto
246 3100 373 3163 cladium
390 3102 538 3166 intulisset
555 3122 642 3182 quam
657 3107 837 3184 accepisset,
856 3110 1008 3183 postremo
1018 3105 1078 3164 iam

120 3187 181 3248 lato
195 3203 314 3265 quoque
329 3187 605 3266 urgenteoperihus
619 3196 790 3249 tamennon
800 3189 828 3247 u‘
845 3194 1011 3266 expugnata
1023 3193 1075 3248 est.

182 3269 283 3331 xxiii.
317 3269 441 3330 Romam
456 3277 489 3330 ut
502 3273 670 3332 nuntlatum
686 3279 730 3332 est
741 3271 828 3332 Veios
841 3276 959 3350 captos,
975 3288 1076 3350 quam
1097 3273 1110 3324 l

121 3371 209 3432 quam
225 3360 254 3416 et
269 3353 405 3431 prodigia
419 3360 579 3432 procurata
597 3355 716 3416 inerant
736 3361 766 3416 et
779 3361 877 3416 vatum
891 3372 1033 3434 responsa
1048 3361 1078 3415 ct

121 3435 259 3516 Pythicae
272 3444 367 3499 sortes
381 3443 469 3499 notae
488 3443 533 3508 et,
549 3445 690 3517 quantum
706 3437 843 3501 humanis
858 3436 988 3501 adiuvari
1006 3453 1078 3499 oon·
