<?xml version="1.0" encoding="UTF-8"?>
<!DOCTYPE html PUBLIC "-//W3C//DTD XHTML 1.0 Transitional//EN"
    "http://www.w3.org/TR/xhtml1/DTD/xhtml1-transitional.dtd">
<html xmlns="http://www.w3.org/1999/xhtml" xml:lang="en" lang="en">
 <head>
  <title>
</title>
<meta http-equiv="Content-Type" content="text/html;charset=utf-8" />
  <meta name='ocr-system' content='tesseract 3.04.00' />
  <meta name='ocr-capabilities' content='ocr_page ocr_carea ocr_par ocr_line ocrx_word'/>
</head>
<body>
  <div class='ocr_page' id='page_1' title='image "./aburbeconditali01rossgoog_0219.png"; bbox 0 0 2572 3956; ppageno 0'>
   <div class='ocr_carea' id='block_1_1' title="bbox 204 227 1074 314">
    <p class='ocr_par' dir='ltr' id='par_1_1' title="bbox 204 227 1074 314">
     <span class='ocr_line' id='line_1_1' title="bbox 204 227 1074 314; baseline 0.014 -26"><span class='ocrx_word' id='word_1_1' title='bbox 204 247 300 288; x_wconf 81' lang='lat' dir='ltr'>mun</span> <span class='ocrx_word' id='word_1_2' title='bbox 310 245 346 288; x_wconf 88' lang='lat'>11.</span> <span class='ocrx_word' id='word_1_3' title='bbox 370 245 439 290; x_wconf 74' lang='lat' dir='ltr'>our.</span> <span class='ocrx_word' id='word_1_4' title='bbox 451 237 495 292; x_wconf 88' lang='lat'>16.</span> <span class='ocrx_word' id='word_1_5' title='bbox 509 237 550 292; x_wconf 86' lang='grc'>17.</span> <span class='ocrx_word' id='word_1_6' title='bbox 564 227 664 308; x_wconf 66' lang='lat' dir='ltr'>lule.</span> <span class='ocrx_word' id='word_1_7' title='bbox 678 228 733 290; x_wconf 78' lang='lat' dir='ltr'>Ob</span> <span class='ocrx_word' id='word_1_8' title='bbox 745 239 806 294; x_wconf 77' lang='lat' dir='ltr'>bui.</span> <span class='ocrx_word' id='word_1_9' title='bbox 819 229 988 314; x_wconf 63' lang='lat' dir='ltr'>(eom-501]</span> <span class='ocrx_word' id='word_1_10' title='bbox 1033 237 1074 300; x_wconf 73' lang='grc'>79</span> 
     </span>
    </p>
   </div>
   <div class='ocr_carea' id='block_1_2' title="bbox 115 391 1179 3394">
    <p class='ocr_par' dir='ltr' id='par_1_2' title="bbox 116 391 1107 1142">
     <span class='ocr_line' id='line_1_2' title="bbox 119 391 1073 467; baseline 0.002 -9"><span class='ocrx_word' id='word_1_11' title='bbox 119 413 197 458; x_wconf 86' lang='lat' dir='ltr'>anno</span> <span class='ocrx_word' id='word_1_12' title='bbox 214 394 290 457; x_wconf 87' lang='lat' dir='ltr'>duae</span> <span class='ocrx_word' id='word_1_13' title='bbox 304 392 439 458; x_wconf 88' lang='lat' dir='ltr'>coloniae</span> <span class='ocrx_word' id='word_1_14' title='bbox 455 391 590 465; x_wconf 76' lang='lat' dir='ltr'>Latinae,</span> <span class='ocrx_word' id='word_1_15' title='bbox 604 394 737 458; x_wconf 88' lang='lat' dir='ltr'>Pometia</span> <span class='ocrx_word' id='word_1_16' title='bbox 752 404 782 460; x_wconf 92' lang='lat' dir='ltr'>et</span> <span class='ocrx_word' id='word_1_17' title='bbox 796 396 887 467; x_wconf 88' lang='lat' dir='ltr'>Cora,</span> <span class='ocrx_word' id='word_1_18' title='bbox 905 397 943 458; x_wconf 87' lang='lat' dir='ltr'>ad</span> <span class='ocrx_word' id='word_1_19' title='bbox 956 397 1073 460; x_wconf 81' lang='lat' dir='ltr'>Auram·</span> 
     </span>
     <span class='ocr_line' id='line_1_3' title="bbox 119 477 1073 558; baseline 0.002 -17"><span class='ocrx_word' id='word_1_20' title='bbox 119 496 170 541; x_wconf 89' lang='lat' dir='ltr'>cos</span> <span class='ocrx_word' id='word_1_21' title='bbox 190 478 339 540; x_wconf 87' lang='lat' dir='ltr'>deliciunt</span> <span class='ocrx_word' id='word_1_22' title='bbox 372 493 439 538; x_wconf 90' lang='lat' dir='ltr'>cum</span> <span class='ocrx_word' id='word_1_23' title='bbox 454 479 600 539; x_wconf 74' lang='lat' dir='ltr'>immeto</span> <span class='ocrx_word' id='word_1_24' title='bbox 620 477 733 540; x_wconf 89' lang='lat' dir='ltr'>bellum</span> <span class='ocrx_word' id='word_1_25' title='bbox 746 481 867 548; x_wconf 73' lang='lat' dir='ltr'>inituma</span> <span class='ocrx_word' id='word_1_26' title='bbox 889 480 1014 558; x_wconf 85' lang='lat' dir='ltr'>lusuque</span> <span class='ocrx_word' id='word_1_27' title='bbox 1027 483 1073 542; x_wconf 87' lang='lat' dir='ltr'>in·</span> 
     </span>
     <span class='ocr_line' id='line_1_4' title="bbox 118 561 1073 641; baseline 0.003 -17"><span class='ocrx_word' id='word_1_28' title='bbox 118 563 199 641; x_wconf 80' lang='lat' dir='ltr'>genti</span> <span class='ocrx_word' id='word_1_29' title='bbox 213 563 360 632; x_wconf 83' lang='lat' dir='ltr'>exercitu,</span> <span class='ocrx_word' id='word_1_30' title='bbox 385 562 437 639; x_wconf 87' lang='lat' dir='ltr'>qui</span> <span class='ocrx_word' id='word_1_31' title='bbox 457 579 490 623; x_wconf 87' lang='lat' dir='ltr'>se</span> <span class='ocrx_word' id='word_1_32' title='bbox 507 561 744 640; x_wconf 71' lang='lat' dir='ltr'>ingredientibus</span> <span class='ocrx_word' id='word_1_33' title='bbox 757 565 831 625; x_wconf 82' lang='lat' dir='ltr'>fines</span> <span class='ocrx_word' id='word_1_34' title='bbox 845 563 1016 626; x_wconf 77' lang='lat' dir='ltr'>cunnrlibus</span> <span class='ocrx_word' id='word_1_35' title='bbox 1029 566 1073 627; x_wconf 88' lang='lat' dir='ltr'>ie·</span> 
     </span>
     <span class='ocr_line' id='line_1_5' title="bbox 117 644 1073 714; baseline 0.004 -8"><span class='ocrx_word' id='word_1_36' title='bbox 117 647 228 707; x_wconf 87' lang='lat' dir='ltr'>roeiter</span> <span class='ocrx_word' id='word_1_37' title='bbox 244 644 399 714; x_wconf 86' lang='lat' dir='ltr'>obtulerat,</span> <span class='ocrx_word' id='word_1_38' title='bbox 415 658 503 705; x_wconf 89' lang='lat' dir='ltr'>omne</span> <span class='ocrx_word' id='word_1_39' title='bbox 518 645 691 706; x_wconf 78' lang='lat' dir='ltr'>Auruncum</span> <span class='ocrx_word' id='word_1_40' title='bbox 706 645 817 708; x_wconf 90' lang='lat' dir='ltr'>bellum</span> <span class='ocrx_word' id='word_1_41' title='bbox 828 646 991 708; x_wconf 78' lang='lat' dir='ltr'>Pometiam</span> <span class='ocrx_word' id='word_1_42' title='bbox 1001 665 1073 710; x_wconf 90' lang='lat' dir='ltr'>con·</span> 
     </span>
     <span class='ocr_line' id='line_1_6' title="bbox 116 727 1107 810; baseline -0.005 -19"><span class='ocrx_word' id='word_1_43' title='bbox 116 729 235 810; x_wconf 82' lang='lat' dir='ltr'>pulsum</span> <span class='ocrx_word' id='word_1_44' title='bbox 254 735 307 790; x_wconf 78' lang='lat' dir='ltr'>eut.</span> <span class='ocrx_word' id='word_1_45' title='bbox 351 745 408 789; x_wconf 90' lang='lat' dir='ltr'>uec</span> <span class='ocrx_word' id='word_1_46' title='bbox 430 729 523 806; x_wconf 74' lang='lat' dir='ltr'>magis</span> <span class='ocrx_word' id='word_1_47' title='bbox 543 734 611 807; x_wconf 88' lang='lat' dir='ltr'>post</span> <span class='ocrx_word' id='word_1_48' title='bbox 629 727 777 806; x_wconf 86' lang='lat' dir='ltr'>proelium</span> <span class='ocrx_word' id='word_1_49' title='bbox 797 747 885 808; x_wconf 63' lang='lat' dir='ltr'>mam</span> <span class='ocrx_word' id='word_1_50' title='bbox 907 733 938 792; x_wconf 90' lang='lat' dir='ltr'>in</span> <span class='ocrx_word' id='word_1_51' title='bbox 957 731 1107 810; x_wconf 81' lang='lat' dir='ltr'>proeIIou</span> 
     </span>
     <span class='ocr_line' id='line_1_7' title="bbox 117 811 1074 893; baseline 0 -18"><span class='ocrx_word' id='word_1_52' title='bbox 117 811 258 875; x_wconf 87' lang='lat' dir='ltr'>caedibus</span> <span class='ocrx_word' id='word_1_53' title='bbox 273 818 470 891; x_wconf 87' lang='lat' dir='ltr'>temperatum</span> <span class='ocrx_word' id='word_1_54' title='bbox 484 817 541 872; x_wconf 83' lang='lat' dir='ltr'>ost:</span> <span class='ocrx_word' id='word_1_55' title='bbox 567 818 597 872; x_wconf 90' lang='lat' dir='ltr'>et</span> <span class='ocrx_word' id='word_1_56' title='bbox 611 813 690 874; x_wconf 88' lang='lat' dir='ltr'>caesi</span> <span class='ocrx_word' id='word_1_57' title='bbox 704 811 853 892; x_wconf 71' lang='lat' dir='ltr'>alquanto</span> <span class='ocrx_word' id='word_1_58' title='bbox 869 812 971 893; x_wconf 79' lang='lat' dir='ltr'>plmes</span> <span class='ocrx_word' id='word_1_59' title='bbox 990 822 1074 877; x_wconf 86' lang='lat' dir='ltr'>erant</span> 
     </span>
     <span class='ocr_line' id='line_1_8' title="bbox 117 896 1073 976; baseline 0.006 -20"><span class='ocrx_word' id='word_1_60' title='bbox 117 913 206 976; x_wconf 88' lang='lat' dir='ltr'>quam</span> <span class='ocrx_word' id='word_1_61' title='bbox 230 896 325 974; x_wconf 87' lang='lat' dir='ltr'>capti,</span> <span class='ocrx_word' id='word_1_62' title='bbox 347 902 378 958; x_wconf 90' lang='lat' dir='ltr'>et</span> <span class='ocrx_word' id='word_1_63' title='bbox 391 902 492 973; x_wconf 87' lang='lat' dir='ltr'>captos</span> <span class='ocrx_word' id='word_1_64' title='bbox 505 896 616 974; x_wconf 85' lang='lat' dir='ltr'>passim</span> <span class='ocrx_word' id='word_1_65' title='bbox 630 897 865 966; x_wconf 79' lang='lat' dir='ltr'>trucidaverunt;</span> <span class='ocrx_word' id='word_1_66' title='bbox 885 915 924 959; x_wconf 91' lang='lat' dir='ltr'>ne</span> <span class='ocrx_word' id='word_1_67' title='bbox 940 897 977 958; x_wconf 87' lang='lat' dir='ltr'>ab</span> <span class='ocrx_word' id='word_1_68' title='bbox 993 897 1073 962; x_wconf 84' lang='lat' dir='ltr'>obsi·</span> 
     </span>
     <span class='ocr_line' id='line_1_9' title="bbox 116 977 1072 1058; baseline 0.001 -17"><span class='ocrx_word' id='word_1_69' title='bbox 116 979 205 1042; x_wconf 87' lang='lat' dir='ltr'>dibus</span> <span class='ocrx_word' id='word_1_70' title='bbox 227 977 361 1058; x_wconf 90' lang='lat' dir='ltr'>quidem,</span> <span class='ocrx_word' id='word_1_71' title='bbox 389 979 439 1057; x_wconf 89' lang='lat' dir='ltr'>qul</span> <span class='ocrx_word' id='word_1_72' title='bbox 468 979 594 1040; x_wconf 84' lang='lat' dir='ltr'>trecenti</span> <span class='ocrx_word' id='word_1_73' title='bbox 616 982 730 1058; x_wconf 90' lang='lat' dir='ltr'>accepti</span> <span class='ocrx_word' id='word_1_74' title='bbox 749 997 874 1042; x_wconf 90' lang='lat' dir='ltr'>numero</span> <span class='ocrx_word' id='word_1_75' title='bbox 900 990 999 1049; x_wconf 88' lang='lat' dir='ltr'>erant,</span> <span class='ocrx_word' id='word_1_76' title='bbox 1028 983 1072 1042; x_wconf 87' lang='lat' dir='ltr'>ira</span> 
     </span>
     <span class='ocr_line' id='line_1_10' title="bbox 116 1061 938 1142; baseline 0.001 -18"><span class='ocrx_word' id='word_1_77' title='bbox 116 1062 189 1126; x_wconf 91' lang='lat' dir='ltr'>belli</span> <span class='ocrx_word' id='word_1_78' title='bbox 204 1062 354 1124; x_wconf 81' lang='lat' dir='ltr'>abstinuit</span> <span class='ocrx_word' id='word_1_79' title='bbox 384 1069 413 1124; x_wconf 89' lang='lat' dir='ltr'>et</span> <span class='ocrx_word' id='word_1_80' title='bbox 425 1061 485 1122; x_wconf 89' lang='lat' dir='ltr'>hoc</span> <span class='ocrx_word' id='word_1_81' title='bbox 498 1077 576 1122; x_wconf 90' lang='lat' dir='ltr'>anno</span> <span class='ocrx_word' id='word_1_82' title='bbox 591 1062 703 1124; x_wconf 83' lang='lat' dir='ltr'>Itomae</span> <span class='ocrx_word' id='word_1_83' title='bbox 717 1063 938 1142; x_wconf 85' lang='lat' dir='ltr'>triumphatum.</span> 
     </span>
    </p>

    <p class='ocr_par' dir='ltr' id='par_1_3' title="bbox 115 1143 1174 2812">
     <span class='ocr_line' id='line_1_11' title="bbox 176 1143 1104 1226; baseline 0 -18"><span class='ocrx_word' id='word_1_84' title='bbox 176 1145 262 1208; x_wconf 82' lang='lat' dir='ltr'>XVII.</span> <span class='ocrx_word' id='word_1_85' title='bbox 300 1146 400 1208; x_wconf 89' lang='lat' dir='ltr'>Secuti</span> <span class='ocrx_word' id='word_1_86' title='bbox 427 1143 565 1206; x_wconf 76' lang='lat' dir='ltr'>censuales</span> <span class='ocrx_word' id='word_1_87' title='bbox 586 1144 688 1225; x_wconf 86' lang='lat' dir='ltr'>Opiter</span> <span class='ocrx_word' id='word_1_88' title='bbox 703 1146 860 1225; x_wconf 76' lang='lat' dir='ltr'>Verginius</span> <span class='ocrx_word' id='word_1_89' title='bbox 882 1149 932 1226; x_wconf 88' lang='lat' dir='ltr'>Sp.</span> <span class='ocrx_word' id='word_1_90' title='bbox 956 1149 1072 1210; x_wconf 78' lang='lat' dir='ltr'>Cassim</span> <span class='ocrx_word' id='word_1_91' title='bbox 1091 1159 1104 1208; x_wconf 90' lang='lat'>1</span> 
     </span>
     <span class='ocr_line' id='line_1_12' title="bbox 116 1227 1174 1310; baseline 0 -18"><span class='ocrx_word' id='word_1_92' title='bbox 116 1229 279 1293; x_wconf 77' lang='lat' dir='ltr'>Pometiam</span> <span class='ocrx_word' id='word_1_93' title='bbox 293 1231 391 1309; x_wconf 88' lang='lat' dir='ltr'>primo</span> <span class='ocrx_word' id='word_1_94' title='bbox 405 1230 443 1298; x_wconf 85' lang='lat' dir='ltr'>vl,</span> <span class='ocrx_word' id='word_1_95' title='bbox 459 1227 566 1300; x_wconf 63' lang='lat' dir='ltr'>dando</span> <span class='ocrx_word' id='word_1_96' title='bbox 579 1229 673 1290; x_wconf 81' lang='lat' dir='ltr'>vineis</span> <span class='ocrx_word' id='word_1_97' title='bbox 687 1228 810 1308; x_wconf 84' lang='lat' dir='ltr'>aliisque</span> <span class='ocrx_word' id='word_1_98' title='bbox 825 1230 966 1309; x_wconf 80' lang='lat' dir='ltr'>operibus</span> <span class='ocrx_word' id='word_1_99' title='bbox 977 1247 1071 1310; x_wconf 90' lang='lat' dir='ltr'>oppu·</span> <span class='ocrx_word' id='word_1_100' title='bbox 1172 1263 1174 1268; x_wconf 95' lang='lat'>·</span> 
     </span>
     <span class='ocr_line' id='line_1_13' title="bbox 116 1311 1106 1394; baseline 0.001 -20"><span class='ocrx_word' id='word_1_101' title='bbox 116 1320 253 1394; x_wconf 85' lang='lat' dir='ltr'>gnorunt.</span> <span class='ocrx_word' id='word_1_102' title='bbox 289 1315 321 1373; x_wconf 93' lang='lat' dir='ltr'>in</span> <span class='ocrx_word' id='word_1_103' title='bbox 346 1327 421 1390; x_wconf 87' lang='lat' dir='ltr'>quos</span> <span class='ocrx_word' id='word_1_104' title='bbox 446 1311 578 1374; x_wconf 79' lang='lat' dir='ltr'>durtmcl</span> <span class='ocrx_word' id='word_1_105' title='bbox 602 1313 696 1390; x_wconf 83' lang='lat' dir='ltr'>magis</span> <span class='ocrx_word' id='word_1_106' title='bbox 719 1315 778 1374; x_wconf 87' lang='lat' dir='ltr'>iam</span> <span class='ocrx_word' id='word_1_107' title='bbox 804 1313 978 1394; x_wconf 82' lang='lat' dir='ltr'>inexpiabili</span> <span class='ocrx_word' id='word_1_108' title='bbox 1003 1314 1106 1375; x_wconf 75' lang='lat' dir='ltr'>odiou</span> 
     </span>
     <span class='ocr_line' id='line_1_14' title="bbox 117 1395 1072 1478; baseline 0 -20"><span class='ocrx_word' id='word_1_109' title='bbox 117 1413 206 1476; x_wconf 89' lang='lat' dir='ltr'>quam</span> <span class='ocrx_word' id='word_1_110' title='bbox 226 1414 280 1476; x_wconf 88' lang='lat' dir='ltr'>spe</span> <span class='ocrx_word' id='word_1_111' title='bbox 301 1395 399 1474; x_wconf 83' lang='lat' dir='ltr'>eliqua</span> <span class='ocrx_word' id='word_1_112' title='bbox 423 1403 472 1456; x_wconf 87' lang='lat' dir='ltr'>aut</span> <span class='ocrx_word' id='word_1_113' title='bbox 494 1395 651 1456; x_wconf 84' lang='lat' dir='ltr'>oocasIone</span> <span class='ocrx_word' id='word_1_114' title='bbox 674 1398 769 1457; x_wconf 90' lang='lat' dir='ltr'>coorti</span> <span class='ocrx_word' id='word_1_115' title='bbox 795 1415 863 1459; x_wconf 90' lang='lat' dir='ltr'>cum</span> <span class='ocrx_word' id='word_1_116' title='bbox 885 1396 987 1478; x_wconf 88' lang='lat' dir='ltr'>plures</span> <span class='ocrx_word' id='word_1_117' title='bbox 1009 1399 1072 1476; x_wconf 82' lang='lat' dir='ltr'>igni</span> 
     </span>
     <span class='ocr_line' id='line_1_15' title="bbox 116 1480 1084 1559; baseline 0.003 -18"><span class='ocrx_word' id='word_1_118' title='bbox 116 1496 205 1559; x_wconf 86' lang='lat' dir='ltr'>quam</span> <span class='ocrx_word' id='word_1_119' title='bbox 229 1480 312 1542; x_wconf 77' lang='lat' dir='ltr'>ferro</span> <span class='ocrx_word' id='word_1_120' title='bbox 342 1480 447 1540; x_wconf 86' lang='lat' dir='ltr'>armati</span> <span class='ocrx_word' id='word_1_121' title='bbox 472 1480 725 1550; x_wconf 84' lang='lat' dir='ltr'>excucurrissem,</span> <span class='ocrx_word' id='word_1_122' title='bbox 757 1480 848 1543; x_wconf 88' lang='lat' dir='ltr'>caede</span> <span class='ocrx_word' id='word_1_123' title='bbox 873 1483 1084 1559; x_wconf 81' lang='lat' dir='ltr'>incendioque¹</span> 
     </span>
     <span class='ocr_line' id='line_1_16' title="bbox 117 1562 1071 1646; baseline 0.001 -21"><span class='ocrx_word' id='word_1_124' title='bbox 117 1570 222 1646; x_wconf 82' lang='lat' dir='ltr'>cuncta</span> <span class='ocrx_word' id='word_1_125' title='bbox 240 1563 389 1643; x_wconf 84' lang='lat' dir='ltr'>conplent.</span> <span class='ocrx_word' id='word_1_126' title='bbox 410 1562 505 1623; x_wconf 86' lang='lat' dir='ltr'>vincis</span> <span class='ocrx_word' id='word_1_127' title='bbox 517 1563 656 1634; x_wconf 78' lang='lat' dir='ltr'>incensis,</span> <span class='ocrx_word' id='word_1_128' title='bbox 676 1563 777 1626; x_wconf 87' lang='lat' dir='ltr'>multis</span> <span class='ocrx_word' id='word_1_129' title='bbox 790 1565 919 1626; x_wconf 79' lang='lat' dir='ltr'>hoedum</span> <span class='ocrx_word' id='word_1_130' title='bbox 936 1565 1071 1626; x_wconf 76' lang='lat' dir='ltr'>munera·</span> 
     </span>
     <span class='ocr_line' id='line_1_17' title="bbox 115 1644 1105 1724; baseline -0.003 -14"><span class='ocrx_word' id='word_1_131' title='bbox 115 1649 155 1710; x_wconf 87' lang='lat' dir='ltr'>tis</span> <span class='ocrx_word' id='word_1_132' title='bbox 175 1653 205 1710; x_wconf 91' lang='lat' dir='ltr'>et</span> <span class='ocrx_word' id='word_1_133' title='bbox 229 1648 334 1708; x_wconf 87' lang='lat' dir='ltr'>occisIs</span> <span class='ocrx_word' id='word_1_134' title='bbox 365 1644 519 1707; x_wconf 86' lang='lat' dir='ltr'>consulum</span> <span class='ocrx_word' id='word_1_135' title='bbox 551 1659 668 1724; x_wconf 84' lang='lat' dir='ltr'>quoquc</span> <span class='ocrx_word' id='word_1_136' title='bbox 689 1646 814 1709; x_wconf 87' lang='lat' dir='ltr'>alterum</span> <span class='ocrx_word' id='word_1_137' title='bbox 833 1682 869 1694; x_wconf 90' lang='lat'><em>-</em></span> <span class='ocrx_word' id='word_1_138' title='bbox 890 1648 943 1710; x_wconf 88' lang='lat' dir='ltr'>scd</span> <span class='ocrx_word' id='word_1_139' title='bbox 972 1654 1105 1712; x_wconf 71' lang='lat' dir='ltr'>nnuma</span> 
     </span>
     <span class='ocr_line' id='line_1_18' title="bbox 118 1727 1070 1812; baseline 0.001 -20"><span class='ocrx_word' id='word_1_140' title='bbox 118 1727 257 1812; x_wconf 86' lang='lat' dir='ltr'>[nomen]</span> <span class='ocrx_word' id='word_1_141' title='bbox 273 1736 410 1792; x_wconf 88' lang='lat' dir='ltr'>auctores</span> <span class='ocrx_word' id='word_1_142' title='bbox 426 1745 487 1790; x_wconf 91' lang='lat' dir='ltr'>non</span> <span class='ocrx_word' id='word_1_143' title='bbox 502 1729 634 1790; x_wconf 83' lang='lat' dir='ltr'>adleiunt</span> <span class='ocrx_word' id='word_1_144' title='bbox 648 1763 684 1776; x_wconf 88' lang='lat'>-</span> <span class='ocrx_word' id='word_1_145' title='bbox 705 1735 786 1808; x_wconf 80' lang='lat' dir='ltr'>gravi</span> <span class='ocrx_word' id='word_1_146' title='bbox 805 1731 926 1794; x_wconf 85' lang='lat' dir='ltr'>volnere</span> <span class='ocrx_word' id='word_1_147' title='bbox 943 1749 978 1793; x_wconf 87' lang='lat' dir='ltr'>ex</span> <span class='ocrx_word' id='word_1_148' title='bbox 993 1749 1070 1810; x_wconf 84' lang='lat' dir='ltr'>equo</span> 
     </span>
     <span class='ocr_line' id='line_1_19' title="bbox 117 1812 1104 1894; baseline -0.004 -18"><span class='ocrx_word' id='word_1_149' title='bbox 117 1815 264 1877; x_wconf 86' lang='lat' dir='ltr'>deiectum</span> <span class='ocrx_word' id='word_1_150' title='bbox 288 1828 384 1893; x_wconf 87' lang='lat' dir='ltr'>prope</span> <span class='ocrx_word' id='word_1_151' title='bbox 404 1812 626 1875; x_wconf 79' lang='lat' dir='ltr'>interfecerunt.</span> <span class='ocrx_word' id='word_1_152' title='bbox 663 1813 787 1875; x_wconf 86' lang='lat' dir='ltr'>Romam</span> <span class='ocrx_word' id='word_1_153' title='bbox 809 1815 879 1876; x_wconf 88' lang='lat' dir='ltr'>inde</span> <span class='ocrx_word' id='word_1_154' title='bbox 897 1815 975 1876; x_wconf 88' lang='lat' dir='ltr'>male</span> <span class='ocrx_word' id='word_1_155' title='bbox 989 1823 1104 1894; x_wconf 75' lang='lat' dir='ltr'>gestae</span> 
     </span>
     <span class='ocr_line' id='line_1_20' title="bbox 116 1895 1070 1976; baseline 0.002 -18"><span class='ocrx_word' id='word_1_156' title='bbox 116 1916 151 1960; x_wconf 89' lang='lat' dir='ltr'>re</span> <span class='ocrx_word' id='word_1_157' title='bbox 163 1897 304 1960; x_wconf 83' lang='lat' dir='ltr'>reditum.</span> <span class='ocrx_word' id='word_1_158' title='bbox 334 1899 412 1958; x_wconf 89' lang='lat' dir='ltr'>inter</span> <span class='ocrx_word' id='word_1_159' title='bbox 427 1895 534 1957; x_wconf 88' lang='lat' dir='ltr'>multos</span> <span class='ocrx_word' id='word_1_160' title='bbox 549 1898 782 1958; x_wconf 86' lang='lat' dir='ltr'>sauciosconsul</span> <span class='ocrx_word' id='word_1_161' title='bbox 799 1915 852 1976; x_wconf 87' lang='lat' dir='ltr'>spe</span> <span class='ocrx_word' id='word_1_162' title='bbox 866 1901 979 1960; x_wconf 87' lang='lat' dir='ltr'>incerta</span> <span class='ocrx_word' id='word_1_163' title='bbox 995 1900 1070 1960; x_wconf 82' lang='lat' dir='ltr'>vitae</span> 
     </span>
     <span class='ocr_line' id='line_1_21' title="bbox 116 1978 1070 2061; baseline 0.002 -19"><span class='ocrx_word' id='word_1_164' title='bbox 116 1981 236 2044; x_wconf 86' lang='lat' dir='ltr'>relatus.</span> <span class='ocrx_word' id='word_1_165' title='bbox 259 1982 413 2042; x_wconf 87' lang='lat' dir='ltr'>interiecto</span> <span class='ocrx_word' id='word_1_166' title='bbox 429 1979 536 2042; x_wconf 88' lang='lat' dir='ltr'>deinde</span> <span class='ocrx_word' id='word_1_167' title='bbox 548 1978 628 2040; x_wconf 89' lang='lat' dir='ltr'>hand</span> <span class='ocrx_word' id='word_1_168' title='bbox 641 1997 748 2059; x_wconf 76' lang='lat' dir='ltr'>magno</span> <span class='ocrx_word' id='word_1_169' title='bbox 759 1983 863 2061; x_wconf 89' lang='lat' dir='ltr'>spatio,</span> <span class='ocrx_word' id='word_1_170' title='bbox 879 1981 1070 2060; x_wconf 75' lang='lat' dir='ltr'>quodamno-</span> 
     </span>
     <span class='ocr_line' id='line_1_22' title="bbox 116 2062 1071 2142; baseline 0 -16"><span class='ocrx_word' id='word_1_171' title='bbox 116 2064 201 2126; x_wconf 83' lang='lat' dir='ltr'>ribus</span> <span class='ocrx_word' id='word_1_172' title='bbox 222 2065 360 2125; x_wconf 86' lang='lat' dir='ltr'>curandis</span> <span class='ocrx_word' id='word_1_173' title='bbox 380 2062 604 2142; x_wconf 81' lang='lat' dir='ltr'>supplendoque</span> <span class='ocrx_word' id='word_1_174' title='bbox 627 2065 770 2126; x_wconf 83' lang='lat' dir='ltr'>exercitui</span> <span class='ocrx_word' id='word_1_175' title='bbox 789 2067 859 2126; x_wconf 86' lang='lat' dir='ltr'>satis</span> <span class='ocrx_word' id='word_1_176' title='bbox 880 2071 974 2136; x_wconf 86' lang='lat' dir='ltr'>esset,</span> <span class='ocrx_word' id='word_1_177' title='bbox 1003 2081 1071 2127; x_wconf 90' lang='lat' dir='ltr'>cum</span> 
     </span>
     <span class='ocr_line' id='line_1_23' title="bbox 115 2146 1071 2210; baseline 0.001 -1"><span class='ocrx_word' id='word_1_178' title='bbox 115 2150 161 2209; x_wconf 88' lang='lat' dir='ltr'>ira</span> <span class='ocrx_word' id='word_1_179' title='bbox 189 2149 302 2210; x_wconf 89' lang='lat' dir='ltr'>maiore</span> <span class='ocrx_word' id='word_1_180' title='bbox 329 2146 532 2209; x_wconf 84' lang='lat' dir='ltr'>bellumtum</span> <span class='ocrx_word' id='word_1_181' title='bbox 556 2146 669 2208; x_wconf 80' lang='lat' dir='ltr'>drIbus</span> <span class='ocrx_word' id='word_1_182' title='bbox 696 2149 783 2209; x_wconf 75' lang='lat' dir='ltr'>edam</span> <span class='ocrx_word' id='word_1_183' title='bbox 808 2151 901 2210; x_wconf 88' lang='lat' dir='ltr'>auctis</span> <span class='ocrx_word' id='word_1_184' title='bbox 920 2149 1071 2210; x_wconf 81' lang='lat' dir='ltr'>Pometiae</span> 
     </span>
     <span class='ocr_line' id='line_1_24' title="bbox 116 2229 1106 2309; baseline -0.001 -16"><span class='ocrx_word' id='word_1_185' title='bbox 116 2249 199 2293; x_wconf 86' lang='lat' dir='ltr'>arma</span> <span class='ocrx_word' id='word_1_186' title='bbox 221 2229 320 2292; x_wconf 77' lang='lat' dir='ltr'>inlata.</span> <span class='ocrx_word' id='word_1_187' title='bbox 359 2237 388 2292; x_wconf 91' lang='lat' dir='ltr'>et</span> <span class='ocrx_word' id='word_1_188' title='bbox 410 2245 477 2292; x_wconf 89' lang='lat' dir='ltr'>cum</span> <span class='ocrx_word' id='word_1_189' title='bbox 496 2232 590 2293; x_wconf 84' lang='lat' dir='ltr'>uineis</span> <span class='ocrx_word' id='word_1_190' title='bbox 616 2232 737 2293; x_wconf 80' lang='lat' dir='ltr'>resectis</span> <span class='ocrx_word' id='word_1_191' title='bbox 758 2230 873 2309; x_wconf 85' lang='lat' dir='ltr'>aliaque</span> <span class='ocrx_word' id='word_1_192' title='bbox 897 2230 975 2293; x_wconf 89' lang='lat' dir='ltr'>mole</span> <span class='ocrx_word' id='word_1_193' title='bbox 998 2230 1106 2294; x_wconf 73' lang='lat' dir='ltr'>hellin</span> 
     </span>
     <span class='ocr_line' id='line_1_25' title="bbox 115 2314 1073 2387; baseline 0 -11"><span class='ocrx_word' id='word_1_194' title='bbox 115 2316 231 2376; x_wconf 78' lang='lat' dir='ltr'>iamin</span> <span class='ocrx_word' id='word_1_195' title='bbox 253 2331 290 2377; x_wconf 90' lang='lat' dir='ltr'>ec</span> <span class='ocrx_word' id='word_1_196' title='bbox 311 2323 402 2386; x_wconf 86' lang='lat' dir='ltr'>esset,</span> <span class='ocrx_word' id='word_1_197' title='bbox 422 2322 455 2375; x_wconf 88' lang='lat' dir='ltr'>ut</span> <span class='ocrx_word' id='word_1_198' title='bbox 472 2316 504 2376; x_wconf 90' lang='lat' dir='ltr'>in</span> <span class='ocrx_word' id='word_1_199' title='bbox 519 2331 622 2376; x_wconf 76' lang='lat' dir='ltr'>munos</span> <span class='ocrx_word' id='word_1_200' title='bbox 635 2315 772 2376; x_wconf 81' lang='lat' dir='ltr'>evaderet</span> <span class='ocrx_word' id='word_1_201' title='bbox 783 2316 884 2387; x_wconf 88' lang='lat' dir='ltr'>miles,</span> <span class='ocrx_word' id='word_1_202' title='bbox 899 2314 1009 2377; x_wconf 87' lang='lat' dir='ltr'>deditio</span> <span class='ocrx_word' id='word_1_203' title='bbox 1027 2323 1073 2377; x_wconf 90' lang='lat' dir='ltr'>est</span> 
     </span>
     <span class='ocr_line' id='line_1_26' title="bbox 115 2397 1106 2476; baseline -0.003 -16"><span class='ocrx_word' id='word_1_204' title='bbox 115 2399 202 2460; x_wconf 86' lang='lat' dir='ltr'>iacta.</span> <span class='ocrx_word' id='word_1_205' title='bbox 238 2405 369 2462; x_wconf 85' lang='lat' dir='ltr'>ceterum</span> <span class='ocrx_word' id='word_1_206' title='bbox 390 2397 484 2461; x_wconf 89' lang='lat' dir='ltr'>nihilo</span> <span class='ocrx_word' id='word_1_207' title='bbox 503 2399 601 2459; x_wconf 83' lang='lat' dir='ltr'>minue</span> <span class='ocrx_word' id='word_1_208' title='bbox 613 2397 699 2460; x_wconf 82' lang='lat' dir='ltr'>foede</span> <span class='ocrx_word' id='word_1_209' title='bbox 714 2397 813 2460; x_wconf 87' lang='lat' dir='ltr'>dedita</span> <span class='ocrx_word' id='word_1_210' title='bbox 830 2399 921 2468; x_wconf 88' lang='lat' dir='ltr'>urbe,</span> <span class='ocrx_word' id='word_1_211' title='bbox 942 2399 1070 2476; x_wconf 85' lang='lat' dir='ltr'>quamsi</span> <span class='ocrx_word' id='word_1_212' title='bbox 1087 2407 1106 2458; x_wconf 84' lang='lat' dir='ltr'>o</span> 
     </span>
     <span class='ocr_line' id='line_1_27' title="bbox 116 2479 1069 2562; baseline -0.003 -17"><span class='ocrx_word' id='word_1_213' title='bbox 116 2490 202 2562; x_wconf 86' lang='lat' dir='ltr'>capta</span> <span class='ocrx_word' id='word_1_214' title='bbox 215 2482 301 2553; x_wconf 85' lang='lat' dir='ltr'>soret,</span> <span class='ocrx_word' id='word_1_215' title='bbox 317 2482 448 2544; x_wconf 80' lang='lat' dir='ltr'>Aurunci</span> <span class='ocrx_word' id='word_1_216' title='bbox 461 2483 571 2560; x_wconf 82' lang='lat' dir='ltr'>passim</span> <span class='ocrx_word' id='word_1_217' title='bbox 586 2481 737 2560; x_wconf 88' lang='lat' dir='ltr'>principes</span> <span class='ocrx_word' id='word_1_218' title='bbox 747 2483 845 2542; x_wconf 85' lang='lat' dir='ltr'>securi</span> <span class='ocrx_word' id='word_1_219' title='bbox 855 2483 999 2560; x_wconf 89' lang='lat' dir='ltr'>percussi,</span> <span class='ocrx_word' id='word_1_220' title='bbox 1014 2479 1069 2542; x_wconf 81' lang='lat' dir='ltr'>sub</span> 
     </span>
     <span class='ocr_line' id='line_1_28' title="bbox 117 2562 1070 2641; baseline -0.005 -12"><span class='ocrx_word' id='word_1_221' title='bbox 117 2583 229 2629; x_wconf 90' lang='lat' dir='ltr'>corona</span> <span class='ocrx_word' id='word_1_222' title='bbox 242 2568 400 2628; x_wconf 84' lang='lat' dir='ltr'>venierunt</span> <span class='ocrx_word' id='word_1_223' title='bbox 413 2563 512 2626; x_wconf 93' lang='lat' dir='ltr'>coloni</span> <span class='ocrx_word' id='word_1_224' title='bbox 529 2562 595 2632; x_wconf 81' lang='lat' dir='ltr'>alii3</span> <span class='ocrx_word' id='word_1_225' title='bbox 618 2564 760 2641; x_wconf 90' lang='lat' dir='ltr'>oppidum</span> <span class='ocrx_word' id='word_1_226' title='bbox 773 2565 918 2632; x_wconf 70' lang='lat' dir='ltr'>dirutum</span> <span class='ocrx_word' id='word_1_227' title='bbox 935 2579 1006 2640; x_wconf 82' lang='lat' dir='ltr'>ager</span> <span class='ocrx_word' id='word_1_228' title='bbox 1021 2581 1070 2624; x_wconf 80' lang='lat' dir='ltr'>ue-</span> 
     </span>
     <span class='ocr_line' id='line_1_29' title="bbox 115 2644 1070 2727; baseline -0.005 -17"><span class='ocrx_word' id='word_1_229' title='bbox 115 2651 181 2710; x_wconf 88' lang='lat' dir='ltr'>niit.</span> <span class='ocrx_word' id='word_1_230' title='bbox 202 2647 339 2711; x_wconf 82' lang='lat' dir='ltr'>eonsules</span> <span class='ocrx_word' id='word_1_231' title='bbox 356 2648 450 2727; x_wconf 77' lang='lat' dir='ltr'>magis</span> <span class='ocrx_word' id='word_1_232' title='bbox 463 2646 501 2708; x_wconf 91' lang='lat' dir='ltr'>oh</span> <span class='ocrx_word' id='word_1_233' title='bbox 513 2649 574 2708; x_wconf 84' lang='lat' dir='ltr'>ires</span> <span class='ocrx_word' id='word_1_234' title='bbox 584 2649 710 2724; x_wconf 77' lang='lat' dir='ltr'>gravitm</span> <span class='ocrx_word' id='word_1_235' title='bbox 721 2644 797 2707; x_wconf 87' lang='lat' dir='ltr'>ultas</span> <span class='ocrx_word' id='word_1_236' title='bbox 807 2663 895 2724; x_wconf 67' lang='lat' dir='ltr'>mam</span> <span class='ocrx_word' id='word_1_237' title='bbox 906 2644 944 2708; x_wconf 91' lang='lat' dir='ltr'>ob</span> <span class='ocrx_word' id='word_1_238' title='bbox 956 2647 1070 2724; x_wconf 81' lang='lat' dir='ltr'>magni·</span> 
     </span>
     <span class='ocr_line' id='line_1_30' title="bbox 115 2730 713 2812; baseline -0.008 -18"><span class='ocrx_word' id='word_1_239' title='bbox 115 2731 250 2794; x_wconf 86' lang='lat' dir='ltr'>tudinem</span> <span class='ocrx_word' id='word_1_240' title='bbox 264 2731 389 2812; x_wconf 85' lang='lat' dir='ltr'>perlecti</span> <span class='ocrx_word' id='word_1_241' title='bbox 402 2730 473 2792; x_wconf 90' lang='lat' dir='ltr'>belli</span> <span class='ocrx_word' id='word_1_242' title='bbox 486 2730 713 2809; x_wconf 79' lang='lat' dir='ltr'>momphanme.</span> 
     </span>
    </p>

    <p class='ocr_par' dir='ltr' id='par_1_4' title="bbox 115 2812 1179 3394">
     <span class='ocr_line' id='line_1_31' title="bbox 180 2812 1179 2894; baseline -0.01 -17"><span class='ocrx_word' id='word_1_243' title='bbox 180 2814 278 2877; x_wconf 83' lang='lat' dir='ltr'>XVIII.</span> <span class='ocrx_word' id='word_1_244' title='bbox 311 2815 473 2894; x_wconf 86' lang='lat' dir='ltr'>insequens</span> <span class='ocrx_word' id='word_1_245' title='bbox 492 2831 587 2876; x_wconf 87' lang='lat' dir='ltr'>annus</span> <span class='ocrx_word' id='word_1_246' title='bbox 606 2813 778 2874; x_wconf 69' lang='lat' dir='ltr'>Punumum</span> <span class='ocrx_word' id='word_1_247' title='bbox 800 2812 964 2875; x_wconf 86' lang='lat' dir='ltr'>Cominium</span> <span class='ocrx_word' id='word_1_248' title='bbox 986 2821 1016 2875; x_wconf 88' lang='lat' dir='ltr'>et</span> <span class='ocrx_word' id='word_1_249' title='bbox 1036 2813 1070 2874; x_wconf 87' lang='grc' dir='ltr'>Τ.</span> <span class='ocrx_word' id='word_1_250' title='bbox 1090 2816 1104 2867; x_wconf 86' lang='lat'>1</span> <span class='ocrx_word' id='word_1_251' title='bbox 1175 2816 1179 2822; x_wconf 84' lang='grc'><strong>’</strong></span> 
     </span>
     <span class='ocr_line' id='line_1_32' title="bbox 118 2894 1109 2975; baseline -0.009 -15"><span class='ocrx_word' id='word_1_252' title='bbox 118 2899 255 2961; x_wconf 81' lang='lat' dir='ltr'>Larcium</span> <span class='ocrx_word' id='word_1_253' title='bbox 271 2897 409 2961; x_wconf 86' lang='lat' dir='ltr'>consules</span> <span class='ocrx_word' id='word_1_254' title='bbox 421 2897 533 2959; x_wconf 86' lang='lat' dir='ltr'>hebuit.</span> <span class='ocrx_word' id='word_1_255' title='bbox 559 2913 595 2958; x_wconf 91' lang='lat' dir='ltr'>eo</span> <span class='ocrx_word' id='word_1_256' title='bbox 612 2907 690 2957; x_wconf 86' lang='lat' dir='ltr'>anne</span> <span class='ocrx_word' id='word_1_257' title='bbox 706 2895 818 2957; x_wconf 80' lang='lat' dir='ltr'>Romae</span> <span class='ocrx_word' id='word_1_258' title='bbox 833 2913 901 2958; x_wconf 90' lang='lat' dir='ltr'>cum</span> <span class='ocrx_word' id='word_1_259' title='bbox 917 2913 972 2975; x_wconf 88' lang='lat' dir='ltr'>per</span> <span class='ocrx_word' id='word_1_260' title='bbox 985 2894 1071 2958; x_wconf 88' lang='lat' dir='ltr'>ludos</span> <span class='ocrx_word' id='word_1_261' title='bbox 1088 2902 1109 2951; x_wconf 75' lang='lat'>2</span> 
     </span>
     <span class='ocr_line' id='line_1_33' title="bbox 117 2979 1069 3060; baseline -0.004 -17"><span class='ocrx_word' id='word_1_262' title='bbox 117 2981 157 3043; x_wconf 87' lang='lat' dir='ltr'>ab</span> <span class='ocrx_word' id='word_1_263' title='bbox 172 2981 349 3044; x_wconf 83' lang='lat' dir='ltr'>Sabinorum</span> <span class='ocrx_word' id='word_1_264' title='bbox 371 2984 520 3043; x_wconf 76' lang='lat' dir='ltr'>iuventute</span> <span class='ocrx_word' id='word_1_265' title='bbox 533 2997 589 3060; x_wconf 86' lang='lat' dir='ltr'>per</span> <span class='ocrx_word' id='word_1_266' title='bbox 603 2979 754 3042; x_wconf 76' lang='lat' dir='ltr'>lasciviam</span> <span class='ocrx_word' id='word_1_267' title='bbox 771 2987 869 3041; x_wconf 87' lang='lat' dir='ltr'>scorta</span> <span class='ocrx_word' id='word_1_268' title='bbox 882 2987 1069 3059; x_wconf 86' lang='lat' dir='ltr'>raperentur,</span> 
     </span>
     <span class='ocr_line' id='line_1_34' title="bbox 118 3062 1108 3142; baseline -0.009 -15"><span class='ocrx_word' id='word_1_269' title='bbox 118 3081 266 3129; x_wconf 87' lang='lat' dir='ltr'>concursu</span> <span class='ocrx_word' id='word_1_270' title='bbox 288 3066 442 3128; x_wconf 87' lang='lat' dir='ltr'>hominurn</span> <span class='ocrx_word' id='word_1_271' title='bbox 461 3067 527 3125; x_wconf 88' lang='lat' dir='ltr'>rixa</span> <span class='ocrx_word' id='word_1_272' title='bbox 545 3081 580 3125; x_wconf 88' lang='lat' dir='ltr'>ac</span> <span class='ocrx_word' id='word_1_273' title='bbox 600 3080 695 3142; x_wconf 87' lang='lat' dir='ltr'>prope</span> <span class='ocrx_word' id='word_1_274' title='bbox 716 3062 863 3142; x_wconf 87' lang='lat' dir='ltr'>proelium</span> <span class='ocrx_word' id='word_1_275' title='bbox 879 3063 948 3132; x_wconf 80' lang='lat' dir='ltr'>fult,</span> <span class='ocrx_word' id='word_1_276' title='bbox 967 3069 1108 3141; x_wconf 73' lang='lat' dir='ltr'>parua-3</span> 
     </span>
     <span class='ocr_line' id='line_1_35' title="bbox 117 3144 1070 3228; baseline -0.005 -19"><span class='ocrx_word' id='word_1_277' title='bbox 117 3165 177 3228; x_wconf 88' lang='lat' dir='ltr'>que</span> <span class='ocrx_word' id='word_1_278' title='bbox 198 3167 234 3211; x_wconf 88' lang='lat' dir='ltr'>ex</span> <span class='ocrx_word' id='word_1_279' title='bbox 255 3150 346 3211; x_wconf 89' lang='lat' dir='ltr'>read</span> <span class='ocrx_word' id='word_1_280' title='bbox 367 3147 563 3211; x_wconf 89' lang='lat' dir='ltr'>rebellionem</span> <span class='ocrx_word' id='word_1_281' title='bbox 583 3156 717 3224; x_wconf 86' lang='lat' dir='ltr'>spectare</span> <span class='ocrx_word' id='word_1_282' title='bbox 737 3165 787 3208; x_wconf 87' lang='lat' dir='ltr'>res</span> <span class='ocrx_word' id='word_1_283' title='bbox 805 3144 958 3206; x_wconf 87' lang='lat' dir='ltr'>videbatur</span> <span class='ocrx_word' id='word_1_284' title='bbox 980 3161 1070 3222; x_wconf 87' lang='lat' dir='ltr'>supra</span> 
     </span>
     <span class='ocr_line' id='line_1_36' title="bbox 116 3227 1123 3308; baseline -0.003 -15"><span class='ocrx_word' id='word_1_285' title='bbox 116 3231 190 3294; x_wconf 89' lang='lat' dir='ltr'>belli</span> <span class='ocrx_word' id='word_1_286' title='bbox 209 3232 306 3294; x_wconf 85' lang='lat' dir='ltr'>Latlni</span> <span class='ocrx_word' id='word_1_287' title='bbox 325 3241 444 3294; x_wconf 88' lang='lat' dir='ltr'>metum.</span> <span class='ocrx_word' id='word_1_288' title='bbox 472 3231 503 3292; x_wconf 91' lang='lat' dir='ltr'>ld</span> <span class='ocrx_word' id='word_1_289' title='bbox 524 3247 643 3308; x_wconf 85' lang='lat' dir='ltr'>quoqne</span> <span class='ocrx_word' id='word_1_290' title='bbox 656 3233 837 3298; x_wconf 71' lang='lat' dir='ltr'>accesserat,</span> <span class='ocrx_word' id='word_1_291' title='bbox 858 3227 937 3305; x_wconf 92' lang='lat' dir='ltr'>quod</span> <span class='ocrx_word' id='word_1_292' title='bbox 951 3228 1070 3305; x_wconf 84' lang='lat' dir='ltr'>ulginta</span> <span class='ocrx_word' id='word_1_293' title='bbox 1119 3287 1123 3290; x_wconf 87' lang='lat'>.</span> 
     </span>
     <span class='ocr_line' id='line_1_37' title="bbox 115 3310 1070 3394; baseline -0.005 -18"><span class='ocrx_word' id='word_1_294' title='bbox 115 3319 177 3378; x_wconf 88' lang='lat' dir='ltr'>iam</span> <span class='ocrx_word' id='word_1_295' title='bbox 196 3317 368 3378; x_wconf 83' lang='lat' dir='ltr'>coniurasse</span> <span class='ocrx_word' id='word_1_296' title='bbox 390 3313 516 3394; x_wconf 86' lang='lat' dir='ltr'>populos</span> <span class='ocrx_word' id='word_1_297' title='bbox 536 3316 701 3375; x_wconf 88' lang='lat' dir='ltr'>concitante</span> <span class='ocrx_word' id='word_1_298' title='bbox 717 3311 835 3374; x_wconf 80' lang='lat' dir='ltr'>Octavio</span> <span class='ocrx_word' id='word_1_299' title='bbox 854 3310 984 3373; x_wconf 69' lang='lat' dir='ltr'>Humido</span> <span class='ocrx_word' id='word_1_300' title='bbox 1001 3312 1070 3372; x_wconf 79' lang='lat' dir='ltr'>sads</span> 
     </span>
    </p>
   </div>
   <div class='ocr_carea' id='block_1_3' title="bbox 117 3393 1206 3474">
    <p class='ocr_par' dir='ltr' id='par_1_5' title="bbox 117 3393 1206 3476">
     <span class='ocr_line' id='line_1_38' title="bbox 117 3393 1206 3474; baseline -0.003 -14"><span class='ocrx_word' id='word_1_301' title='bbox 117 3398 279 3461; x_wconf 84' lang='lat' dir='ltr'>constabat.</span> <span class='ocrx_word' id='word_1_302' title='bbox 308 3401 341 3460; x_wconf 86' lang='lat' dir='ltr'>in</span> <span class='ocrx_word' id='word_1_303' title='bbox 361 3399 418 3460; x_wconf 89' lang='lat' dir='ltr'>hao</span> <span class='ocrx_word' id='word_1_304' title='bbox 437 3405 585 3459; x_wconf 73' lang='lat' dir='ltr'>mutarunt</span> <span class='ocrx_word' id='word_1_305' title='bbox 605 3398 927 3474; x_wconf 83' lang='lat' dir='ltr'>expectationererum</span> <span class='ocrx_word' id='word_1_306' title='bbox 948 3393 1070 3456; x_wconf 80' lang='lat' dir='ltr'>sollicite</span> <span class='ocrx_word' id='word_1_307' title='bbox 1087 3409 1176 3476; x_wconf 27' lang='lat' dir='ltr'>aa„v</span> <span class='ocrx_word' id='word_1_308' title='bbox 1192 3461 1206 3474; x_wconf 59' lang='grc'><em>,</em></span> 
     </span>
    </p>
   </div>
   <div class='ocr_carea' id='block_1_4' title="bbox 116 3478 1070 3561">
    <p class='ocr_par' dir='ltr' id='par_1_6' title="bbox 116 3478 1070 3561">
     <span class='ocr_line' id='line_1_39' title="bbox 116 3478 1070 3561; baseline -0.006 -19"><span class='ocrx_word' id='word_1_309' title='bbox 116 3483 233 3544; x_wconf 74' lang='lat' dir='ltr'>civitate</span> <span class='ocrx_word' id='word_1_310' title='bbox 253 3483 404 3544; x_wconf 86' lang='lat' dir='ltr'>dictatoris</span> <span class='ocrx_word' id='word_1_311' title='bbox 422 3483 552 3561; x_wconf 84' lang='lat' dir='ltr'>primum</span> <span class='ocrx_word' id='word_1_312' title='bbox 569 3479 690 3542; x_wconf 88' lang='lat' dir='ltr'>creandi</span> <span class='ocrx_word' id='word_1_313' title='bbox 706 3482 816 3542; x_wconf 86' lang='lat' dir='ltr'>mentio</span> <span class='ocrx_word' id='word_1_314' title='bbox 836 3487 909 3540; x_wconf 82' lang='lat' dir='ltr'>orta.</span> <span class='ocrx_word' id='word_1_315' title='bbox 945 3478 997 3540; x_wconf 87' lang='lat' dir='ltr'>sed</span> <span class='ocrx_word' id='word_1_316' title='bbox 1014 3493 1070 3538; x_wconf 89' lang='lat' dir='ltr'>noc</span> 
     </span>
    </p>
   </div>
   <div class='ocr_carea' id='block_1_5' title="bbox 0 0 1290 3956">
    <p class='ocr_par' dir='ltr' id='par_1_7' title="bbox 0 0 1290 3956">
     <span class='ocr_line' id='line_1_40' title="bbox 0 0 1290 3956; baseline 0 0"><span class='ocrx_word' id='word_1_317' title='bbox 0 0 1290 3956; x_wconf 95' lang='lat' dir='ltr'> </span> 
     </span>
    </p>
   </div>
  </div>
 </body>
</html>
