2580 3954
213 181 275 242 226
318 193 413 235 xrarn
429 193 471 236 xv.
499 191 570 234 cae.
587 184 631 240 3ο.
646 184 689 238 31.
705 182 750 238 32.
779 169 817 253 [e.
836 173 874 236 U.
891 193 916 233 e.
932 181 992 236 327·
1008 167 1071 252 318]

165 343 320 404 1531111113.
348 342 550 404 controversia
563 341 634 404 inde
647 341 718 411 luit,
735 348 836 404 utrum
849 337 953 418 populi
963 339 1045 400 iussu
1059 337 1178 400 indice·

213 434 298 490 retur
312 423 442 496 bellum,
464 442 502 486 an
521 425 592 486 satis
614 432 692 487 esset
714 431 834 486 senatus
858 421 1042 484 consultum?
1074 425 1178 500 pervi-
1266 461 1267 478 ,

216 529 286 580 cere
309 507 423 572 tribuni
449 508 656 571 denunciando
681 509 867 588 inpedituros
893 526 925 568 se
951 504 1114 576 dilectum,
1141 514 1179 566 ut

216 594 370 666 Quinctius
386 591 491 664 consul
503 592 540 653 de
554 590 634 654 bello
652 593 688 655 ad
701 591 846 671 populum
861 592 964 652 ferret.
985 607 1091 656 omnes
1103 607 1177 650 cen·

47 724 49 728 .
166 694 197 746 td
214 680 309 741 turine
324 679 448 740 iussere.
481 678 513 739 in
536 693 572 739 eo
593 693 712 755 quoquc
734 675 820 755 plebs
841 675 979 753 superior
998 673 1068 744 luit,
1093 673 1177 750 quod

213 763 323 830 tenuit,
338 779 377 822 ne
395 759 532 823 consules
549 760 581 823 in
593 762 762 838 proximum
776 777 887 822 annum
905 763 1088 818 crearentur.

182 863 195 914 1
277 844 378 906 1111111.
408 843 535 918 Tribuni
551 843 677 904 militnm
698 843 847 904 consonari
868 847 1013 920 potestate
1036 846 1176 918 quattuor

216 930 309 992 creati
323 935 405 998 sunt,
423 928 456 990 Τ.
474 924 629 996 Quinctius
643 928 763 988 Pennus
778 946 814 989 ex
829 923 1000 994 considatn,
1022 925 1053 986 C.
1063 924 1178 986 Furius

181 1014 251 1077 311.
273 1012 443 1072 Postumius
461 1012 494 1071 A.
512 1011 668 1072 Cornelius
689 1011 806 1073 Cossus.
839 1029 874 1072 ex
894 1008 942 1069 his
957 1008 1065 1070 Cossus
1087 1026 1177 1086 prae·

215 1098 270 1157 luit
284 1093 367 1164 urhi;
389 1101 451 1157 tres
477 1094 586 1156 dilectu
605 1093 705 1155 habito
726 1094 853 1173 proiecti
876 1098 946 1154 sunt
960 1093 1060 1161 Veios,
1084 1091 1177 1152 docu-

210 1185 376 1258 mentoque
393 1178 492 1249 luere,
523 1195 611 1258 quam
633 1178 765 1257 plurium
786 1178 946 1258 imperium
968 1174 1048 1238 bello
1070 1173 1178 1236 inutile

217 1270 304 1326 esset.
338 1262 487 1325 tendendo
503 1263 541 1323 ad
554 1280 607 1324 sua
624 1263 749 1340 quisque
774 1261 912 1330 consilia,
935 1277 1004 1321 cum
1026 1257 1106 1320 aliud
1126 1257 1178 1321 alii

183 1362 199 1414 a
217 1348 381 1416 videretur,
398 1352 582 1424 aperuerunt
596 1345 632 1407 ad
650 1345 835 1408 occasionem
850 1344 951 1406 locum
964 1343 1052 1404 hosti.
1077 1343 1178 1404 incer·

188 1493 192 1499 ,
216 1439 277 1491 tam
294 1447 422 1508 namque
440 1431 548 1499 aciem,
564 1431 681 1506 signum
697 1428 762 1491 aliis
781 1429 860 1502 dari,
876 1427 1013 1508 receptui
1030 1426 1095 1487 aliis
1110 1427 1179 1486 ceni

163 1560 170 1584 ,
216 1512 404 1582 iubentibus,
424 1515 559 1574 invasere
579 1520 746 1592 opportune
761 1512 907 1574 Veientes.
939 1516 1035 1572 castra
1053 1511 1176 1590 propin·

218 1615 276 1676 qna
291 1594 425 1657 turbatos
443 1613 478 1656 ac
492 1601 576 1674 terga
592 1596 695 1658 dantes
708 1614 861 1676 accepere.
891 1594 958 1675 plus
972 1596 1073 1671 itaque
1091 1595 1177 1672 igno·

184 1697 199 1746 1
217 1680 326 1742 minine
339 1696 427 1757 quam
443 1677 534 1742 cladis
549 1685 594 1741 est
609 1686 773 1759 acceptum.
798 1686 910 1742 maesta
922 1679 1023 1740 civitas
1033 1678 1089 1738 luit
1099 1678 1178 1738 vinci

217 1766 348 1827 insueta:
369 1763 466 1826 odisse
480 1763 633 1835 tribuum,
653 1782 778 1843 poscere
791 1765 980 1832 dictatorem
1003 1763 1035 1822 in
1049 1779 1085 1823 eo
1102 1763 1176 1822 verti
1271 1773 1272 1804 1

218 1866 285 1926 spes
301 1847 432 1908 civitatis.
464 1854 574 1909 etcum
585 1847 628 1908 ibi
642 1864 760 1925 quoque
775 1847 881 1926 religio
899 1846 1044 1915 obstaret,
1062 1863 1100 1906 ne
1115 1861 1176 1904 non
1271 1865 1272 1870 ¹

217 1937 317 2010 posset
330 1931 388 1992 nisi
405 1928 442 1992 ab
454 1931 577 1996 consulo
592 1933 652 1994 dici
667 1933 808 2004 dictator,
825 1948 953 2009 augures
968 1928 1096 1990 consulti
1112 1945 1178 1990 eam

183 2019 200 2070 3
216 2013 393 2092 religionem
407 2032 553 2078 exemere.
583 2016 616 2077 t.
629 2014 784 2079 Cornelius
798 2015 970 2076 dictatorem
980 2013 1066 2074 Mam.
1079 2011 1177 2073 Aemi·

217 2097 290 2162 lium
301 2097 386 2168 dixit,
403 2099 505 2177 etipse
519 2098 556 2160 ab
570 2118 606 2163 eo
616 2101 755 2178 magister
768 2100 899 2177 equitum
911 2105 955 2160 est
965 2098 1076 2159 dictus:
1093 2095 1176 2164 adeo,

219 2179 305 2244 sunul
325 2181 444 2243 lortuna
465 2184 588 2246 ciuitatis
608 2185 714 2244 virtute
733 2201 802 2245 vera
824 2183 918 2260 eguit,
946 2178 1020 2242 nihil
1041 2181 1177 2242 censoria

219 2263 432 2325 animadversio
448 2264 558 2336 eiiecit,
575 2283 633 2345 quo
648 2268 746 2328 minus
761 2268 896 2344 regimen
908 2283 1010 2327 rerum
1028 2283 1064 2326 ex
1078 2270 1177 2326 notata

184 2349 201 2400 ὅ
218 2348 339 2426 indigno
355 2347 443 2408 domo
460 2357 620 2427 peteretur.
649 2351 800 2420 Veientes,
815 2349 994 2412 resecanda
1014 2347 1091 2418 elati,
1107 2348 1177 2408 mis·

218 2433 259 2494 313
283 2432 396 2498 circum
417 2430 555 2496 Etruriae
574 2433 702 2513 populos
721 2433 824 2512 legatis
846 2433 981 2494 iactando
1005 2439 1065 2492 tres
1087 2432 1178 2492 duces

218 2515 367 2576 Romanos
383 2514 419 2576 ab
435 2535 468 2578 se
480 2535 540 2580 uno
555 2519 671 2597 proelio
685 2518 782 2588 lusos,
798 2536 866 2579 cum
883 2524 982 2584 tamen
997 2514 1109 2576 nullam
1122 2532 1178 2592 pu·

218 2596 290 2659 blici
310 2598 427 2661 consilii
448 2603 617 2665 societatem
638 2604 813 2672 movissent,
839 2599 1020 2662 voluntarios
1045 2598 1179 2674 undique

184 2682 255 2746 aad
278 2699 361 2760 spem
387 2685 517 2761 praedae
544 2687 740 2748 adsciverunt.
778 2686 830 2745 nni
852 2683 1037 2745 Fidenatium
1066 2679 1177 2761 populo

218 2763 366 2828 rebellare
381 2765 506 2845 placuit,
528 2777 559 2831 et
572 2778 722 2847 tamquam
740 2770 798 2831 nisi
819 2767 855 2829 ab
871 2766 985 2830 scelere
999 2765 1111 2828 bollum
1128 2783 1177 2824 or·

220 2849 278 2910 diri
293 2849 376 2910 nolas
392 2859 484 2922 esset,
505 2855 581 2916 siout
593 2853 757 2932 legatorum
773 2859 875 2922 antea,
895 2854 934 2912 ita
955 2858 1020 2912 tum
1034 2865 1177 2910 novorum

219 2931 395 2994 colonorum
412 2935 502 2996 caede
520 2935 631 2998 inbutis
645 2938 750 3006 armis,
772 2934 944 2998 Veientibus
967 2953 1032 2996 sese
1053 2935 1177 2994 coniun-

185 3032 203 3083 8
220 3023 300 3094 gunt.
328 3017 495 3080 consultare
507 3021 576 3082 inde
588 3021 738 3099 principes
749 3019 876 3080 duorum
886 3017 1081 3097 populorum,
1092 3016 1177 3078 Veios

221 3116 259 3160 an
276 3099 401 3162 Fidenas
423 3102 524 3165 sedem
544 3103 615 3166 belli
640 3110 788 3182 caperent.
825 3103 956 3166 Fidenae
976 3103 1054 3164 visae
1069 3117 1177 3179 oppor-

221 3186 363 3248 tuniores.
393 3188 492 3264 itaque
506 3190 629 3252 traiecto
644 3188 745 3253 'liberi
760 3188 896 3249 Veientes
910 3186 1037 3248 Fidenas
1051 3191 1177 3246 1133313-

220 3265 320 3328 lerunt
332 3269 452 3332 bellum.

189 3347 202 3398 ¹
283 3351 397 3416 xxxii.
436 3357 547 3418 Romae
562 3367 659 3419 terror
676 3358 782 3434 ingens
800 3361 871 3418 erat.
904 3355 998 3415 accito
1016 3352 1179 3416 exercituo

222 3433 298 3494 Veiis
319 3455 413 3515 eoque
429 3442 494 3519 ipso
507 3441 544 3502 ab
559 3459 593 3503 re
612 3440 687 3502 male
706 3447 786 3518 gesta
808 3438 947 3519 perculso
969 3445 1063 3500 castra
1079 3435 1179 3496 locan-
