2572 3956
210 210 252 276 90
384 225 479 266 nmnn
494 224 529 266 11.
560 223 632 266 car.
648 213 691 269 29.
706 215 751 302 ³⁰?
786 203 823 286 [a.
839 224 868 264 u.
886 225 911 264 c.
927 200 988 284 26⁰]

177 392 193 441 2
210 375 353 450 cuiusque
373 371 510 442 arbitrio,
533 371 702 448 quandoid
722 368 833 448 placet,
853 387 919 432 rem
937 377 1088 447 egemus.⁴‘
1116 387 1164 432 re·

211 457 302 519 deurit
316 457 348 518 in
361 454 507 524 tribunal,
529 457 613 517 citari
631 455 806 518 remundus
821 471 913 521 unum
929 471 964 518 ex
979 453 1040 522 his,
1065 453 1118 529 qut
1133 455 1165 516 in

212 546 373 618 conspectu
388 545 486 608 crant,
515 537 613 604 dedita
627 555 717 617 opera
731 536 842 600 iubent
859 554 929 598 cum
940 543 1032 602 steret
1048 537 1165 602 unitus
1273 601 1274 610 ἒ

213 632 241 686 et
263 625 426 684 circueunt
448 621 560 698 aliquot
570 622 739 691 heminton,
756 637 794 682 ne
808 621 885 681 forte
899 617 1074 690 violaretur,
1095 637 1164 680 con·
1273 693 1274 698 ἵ

177 709 335 770 astitisset
354 705 474 784 globus,
495 704 630 768 lictorem
654 704 691 766 ed
714 722 781 768 eum
799 701 938 766 conules
950 704 1077 769 mittunt
1106 719 1165 780 quo
1273 761 1274 768 ,

211 790 331 870 repulso
355 797 418 851 turn
437 807 511 853 voro
529 789 683 866 indignum
701 789 815 850 facinus
838 805 903 850 ense
920 784 1101 850 dornone
1115 787 1166 866 qui

211 880 330 952 patrum
361 872 535 938 coasidibus
567 873 689 954 aderant
718 870 856 936 devolant
878 869 917 932 de
945 869 1100 940 tribunali,
1134 877 1167 930 ut
1273 863 1274 890 ¹

177 973 194 1021 e
211 956 310 1018 lictori
328 955 436 1018 auxilio
457 962 563 1019 essent
601 956 655 1018 sed
676 954 713 1018 ab
736 953 857 1025 lictore„
882 953 957 1014 nibil
977 953 1057 1016 aliud
1078 971 1166 1031 quam

212 1040 361 1122 prendere
374 1039 540 1118 prohibito,
561 1057 629 1102 cum
647 1056 806 1105 conversus
820 1039 851 1100 in
865 1045 967 1116 patres
979 1038 1105 1116 impetus
1121 1056 1167 1098 as·
1273 1035 1274 1124 ff

212 1129 265 1193 set,
281 1122 436 1188 censuum
455 1125 623 1188 intercursu
644 1121 831 1186 rixa-sedata
851 1127 909 1190 est,
934 1121 966 1180 in
989 1137 1048 1198 qua
1067 1127 1167 1182 tamen

212 1209 277 1270 sine
294 1205 401 1286 lepide,
424 1208 488 1274 sine
501 1205 563 1269 telo
581 1207 649 1286 plus
669 1206 808 1270 clamoris
826 1211 913 1281 atque
941 1205 1053 1267 netum
1078 1221 1167 1282 quam

178 1293 194 1344 a
212 1291 339 1352 uiuae
365 1290 470 1355 fuerat
502 1298 622 1352 senatus
635 1288 812 1353 tumultuose
826 1294 945 1348 vocatur
959 1285 1167 1352 tturrultuosius

214 1372 377 1438 corruel-itur
393 1375 597 1451 quaestionem
609 1371 827 1452 postulantibus
839 1373 891 1442 iis,
913 1373 966 1448 qui
983 1369 1090 1450 pulsati
1102 1370 1167 1434 fue·

212 1463 289 1526 rant
305 1457 486 1520 decernente
501 1456 687 1521 ferocissimo
701 1472 819 1533 quoquc
834 1471 895 1520 non
909 1455 1062 1516 sententiis
1072 1455 1167 1532 magis

179 1552 195 1604 o
213 1557 301 1617 quam
324 1538 453 1602 clamore
469 1545 501 1600 et
517 1540 651 1617 strepitu
678 1538 797 1601 tandem
819 1555 886 1605 cum
899 1539 961 1600 irae
977 1536 1167 1612 resedissent,

214 1621 463 1701 exprobrantibus
483 1621 655 1688 consulibus
675 1621 768 1683 nihilo
787 1621 855 1700 plus
879 1623 1010 1686 sauata
1029 1622 1061 1684 in
1085 1622 1166 1686 curta
1273 1687 1274 1692 ,

180 1723 195 1772 7
214 1723 305 1784 quam,
316 1707 349 1769 in
365 1705 431 1770 iero
452 1725 525 1776 esse,
542 1706 647 1768 ordine
661 1704 775 1776 consuli
791 1705 897 1783 coepit.
927 1713 990 1770 tres
1000 1705 1084 1766 fuere
1099 1723 1167 1766 sen·

212 1791 337 1854 undae:
359 1790 393 1852 P.
411 1791 567 1868 Verginius
581 1807 646 1852 rem
666 1807 727 1852 non
746 1787 895 1866 vulgabat:
919 1787 955 1848 de
982 1789 1019 1850 iis
1043 1796 1167 1858 unium,

213 1873 271 1949 qni-
285 1873 373 1936 fidem
394 1875 488 1936 secuti
503 1873 592 1938 Publi
612 1872 716 1936 Servili
735 1871 865 1936 consulis
879 1869 1000 1940 Vulsco‚
1028 1873 1167 1935 Aurunco

177 1954 381 2034 8Sabinoque
408 1957 582 2020 militassent
607 1956 702 2027 bello,
728 1955 877 2034 agendum
901 1953 1048 2020 censebat.
1085 1955 1168 2016 Titus
1273 1997 1274 2040 ss

212 2038 335 2102 Larcius
356 2057 417 2101 non
437 2041 467 2102 id
488 2048 605 2120 tempus
626 2059 706 2110 esse,
730 2047 764 2100 ut
781 2041 886 2108 merita
900 2038 1101 2102 tantummodo
1117 2057 1167 2100 ex·
1273 2107 1274 2112 ἵ

213 2119 415 2192 solverentur;
441 2132 532 2186 totam
546 2122 666 2202 plebem
690 2141 760 2187 aere
774 2121 871 2186 alieno
901 2122 1068 2186 demersam
1091 2141 1166 2192 csse,

212 2221 269 2266 neo
283 2207 347 2268 sisti
363 2224 468 2286 pesse,
485 2208 517 2268 ni
533 2205 671 2268 omnibus
686 2205 871 2275 consulatum
887 2207 968 2284 quin,
983 2207 1009 2266 si
1024 2205 1080 2268 alia
1095 2203 1167 2266 alio·

212 2305 280 2350 rum
294 2291 331 2350 sit
349 2288 501 2360 condicio,
517 2289 641 2352 accendi
658 2291 751 2368 magis
767 2288 944 2353 uisurum
958 2305 1046 2366 quam
1060 2289 1166 2352 sedari.
1273 2303 1274 2308 ¹

177 2371 264 2448 trip.
283 2372 436 2443 Claudius,
460 2379 490 2436 et
510 2379 613 2434 natura
635 2373 746 2439 inmitis
764 2379 793 2434 et
814 2373 954 2437 afferatus
974 2371 1045 2436 binc
1069 2370 1167 2452 plebis

212 2452 280 2516 odio
293 2454 382 2518 ¹illinc
405 2463 523 2534 patrina
537 2455 686 2526 laudibus,
708 2473 769 2520 non
783 2457 910 2518 miseriis
927 2457 967 2518 eit
982 2456 1034 2520 sed
1048 2456 1167 2518 licentia
1273 2509 1274 2540 ἦ

211 2543 324 2604 numm
349 2541 499 2603 concitum
523 2539 692 2610 urrbarunr,
721 2546 751 2600 et
772 2537 907 2600 lascivire
933 2541 1027 2616 magis
1048 2537 1166 2618 plebem
1273 2547 1274 2556 ¹

163 2630 196 2682 10
213 2635 301 2696 quana
329 2623 450 2686 saevire.
491 2623 525 2684 id
545 2623 621 2690 adeo
639 2621 749 2685 malum
772 2641 807 2684 ax
825 2623 1034 2701 provocatione
1049 2630 1165 2684 netum:

213 2705 324 2783 quippe
337 2708 434 2768 mines
449 2725 514 2768 esse
530 2706 698 2776 censuum,
716 2723 777 2768 non
792 2706 964 2784 nuperum,
985 2704 1038 2766 ubi
1053 2706 1090 2765 ad
1105 2723 1166 2776 eos,

164 2799 194 2851 11
214 2788 264 2864 qui
286 2805 346 2851 una
361 2791 563 2866 peccaverint,
581 2787 744 2868 provocare
761 2788 857 2852 liceat
888 2789 1053 2868 „agedum“
1068 2790 1168 2864 'inquit

211 2869 420 2942 „dictatorem
448 2889 544 2949 aquo
567 2874 736 2951 provocatio
759 2879 898 2943 nonest,
929 2871 1077 2934 creamus!
1106 2873 1167 2933 iam

163 2966 194 3018 12
210 2952 270 3023 hic,
286 2970 344 3031 quo
359 2971 439 3016 nunc
456 2957 554 3018 omnia
566 2957 680 3028 ardent,
695 2957 867 3018 conticiscet
877 2957 970 3018 furer.
992 2955 1091 3036 pulset
1103 2963 1167 3019 tum

211 3037 285 3098 nrihi
304 3037 455 3110 lictorem,
479 3041 530 3117 qui
552 3043 625 3102 sciet
644 3042 691 3102 ius
712 3040 750 3102 de
771 3047 855 3119 tergo
876 3043 992 3118 viteque
1006 3058 1059 3106 sue
1073 3058 1166 3118 penes

213 3138 305 3182 unum
320 3121 403 3183 illum
419 3142 493 3193 esse,
512 3124 596 3184 cuius
611 3125 792 3186 maiestatem
806 3125 952 3186 violarit.“

180 3217 193 3268 1
277 3205 365 3268 XXX.
389 3206 496 3276 Multis,
511 3212 631 3278 uteret,
645 3205 764 3270 horrida
782 3214 811 3268 et
825 3216 908 3269 atrox
923 3207 1076 3270 ridebatur
1091 3208 1167 3286 Appi

212 3289 1165 3369 seutentia3rursusVecginiLarciiqucexemplohaudsalubres,
1273 3355 1274 3362 ,

211 3372 312 3448 utiquo
327 3371 424 3434 Larcii
437 3371 579 3450 putebant
591 3373 781 3444 contentam,
803 3391 877 3450 quae
893 3381 984 3441 totam
1000 3373 1088 3436 fidem
1110 3373 1163 3435 tol-

209 3453 294 3516 leret.
327 3454 458 3515 medium
472 3456 598 3518 maxime
619 3464 648 3520 et
662 3456 846 3518 moderatum
863 3463 989 3534 utroque
1010 3457 1165 3520 consilium
1273 3507 1274 3510 ,
