2580 3954
106 208 112 222 ·
217 279 218 282 p
245 214 340 256 amas
354 213 396 256 rv.
422 213 494 258 eae.
508 205 551 260 ss.
566 204 610 260 33.
626 203 669 260 33.
702 196 742 274 [a.
760 194 794 256 3.
808 193 937 278 333-333]
1011 200 1072 264 331

116 361 186 423 liam
202 381 246 424 33.
273 379 330 423 333
350 381 382 423 33
404 362 518 432 ridere,
541 379 593 423 333
614 379 674 423 333
695 361 743 424 133
764 376 882 440 quoque
905 361 1073 441 abrogetur,
1094 369 1126 423 11

117 463 175 523 qua
187 445 217 506 id
227 445 322 515 113331,
337 445 415 523 quod
426 462 587 522 numquam
600 446 731 506 luturum
742 447 793 506 sit:
806 447 951 507 minorem
965 448 1073 526 quippe

117 528 259 592 ruborem
267 529 332 590 1333
348 530 378 588 in
392 529 465 589 iuris
479 529 647 606 iniquitate,
663 547 750 607 quam
765 531 791 589 si
805 547 859 607 333
870 529 1073 606 indignitatem

116 614 251 690 ipsorum
264 617 501 689 praetereantur.
819 630 821 637 ·

179 694 305 756 XXXVI.
335 695 428 756 Huius
442 697 561 774 generis
572 697 720 756 orationes
735 713 801 756 cum
816 696 943 758 adsensu
959 696 1074 758 auditae
1094 702 1106 751 1

115 779 275 846 1331133333
305 777 447 856 quosdam
480 779 516 840 ad
543 779 703 858 petendum
729 779 910 840 tribunatum
939 778 1073 849 militum,

116 860 207 922 alium
222 861 278 922 alia
299 862 336 924 dc
358 863 520 924 commodis
543 861 640 941 plebis
655 862 784 924 laturum
799 881 832 925 33
854 863 886 922 13
901 864 1074 940 magistratu

116 945 313 1024 profitentem.
342 947 406 1023 agri
422 945 535 1023 publici
549 946 697 1008 dividendi
719 945 962 1025 coloniarumque
982 945 1109 1008 dedu-2

116 1029 277 1090 cendarum
292 1034 455 1090 ostentatae
475 1047 543 1107 3333
559 1035 588 1092 31
602 1028 737 1107 vectigali
752 1029 973 1107 possessoribus
988 1047 1074 1108 agro·

116 1124 183 1173 rum
195 1113 322 1190 inposito
338 1113 370 1172 13
384 1112 563 1189 stipendium
575 1111 700 1172 militum
710 1113 851 1189 erogandi
865 1113 950 1174 33313.
975 1119 1074 1192 capta·
1092 1124 1108 1174 3

116 1202 178 1254 tum
195 1194 302 1256 deindo
323 1200 441 1272 tempus
455 1194 492 1255 ab
507 1195 634 1256 tribunis
648 1194 788 1265 militum,
810 1210 870 1272 quo
891 1213 944 1273 per
965 1196 1074 1257 disces·

116 1294 181 1338 sum
196 1276 350 1337 bominum
367 1276 403 1337 31
417 1276 508 1348 3313,
529 1296 598 1340 cum
611 1285 711 1357 331333
725 1276 905 1340 clandestina
921 1279 1075 1340 denuntia·

115 1360 196 1422 tione
208 1362 338 1422 33333311
354 1361 391 1421 ad
406 1360 484 1422 diem
499 1368 611 1424 certam
632 1365 743 1433 essent,
768 1364 887 1424 senatus
908 1361 1075 1424 consultum

115 1443 200 1505 lieret
219 1442 391 1506 absentibus
408 1443 536 1507 tribunis
557 1445 651 1525 plebi,
676 1450 723 1517 ut,
747 1445 885 1524 quoniam
905 1444 1025 1507 Volscos
1043 1447 1109 1506 ina

115 1527 313 1589 Hernicorum
330 1545 417 1606 agros
435 1529 608 1607 praedatum
624 1531 718 1592 exisse
737 1529 814 1593 13333
832 1534 926 1600 33331,
954 1529 990 1590 ad
1009 1547 1074 1590 rem

114 1611 328 1689 inspiciendam
342 1611 454 1672 tribuni
469 1613 595 1675 militum
613 1613 874 1692 proficiscerentur
894 1611 1074 1674 consularia·

116 1709 174 1771 que
189 1695 307 1755 comitia
324 1687 516 1758 haberentur.
545 1698 671 1774 33313311
682 1696 737 1775 rip.
752 1695 905 1758 Claudlum
919 1694 1011 1756 filium
1024 1695 1074 1756 de·
1093 1710 1109 1759 5

116 1779 238 1838 33333131
250 1779 434 1856 praelectum
454 1779 538 1842 33113
560 1779 748 1858 relinquunt,
772 1779 922 1856 inpigrum
938 1778 1074 1839 iuvenem

116 1865 146 1920 31
162 1861 220 1921 iam
238 1861 306 1921 inde
322 1861 359 1922 ab
375 1861 564 1926 incunabulis
573 1861 709 1925 inbutum
724 1862 791 1923 33113
808 1859 995 1922 tribunorum
1011 1860 1074 1941 ple·

115 1942 229 2022 bisque.
257 1942 371 2005 1311331
390 1944 472 2022 31311
494 1964 632 2008 naccum
647 1943 820 2008 absentibus
840 1944 893 2015 113,
916 1945 967 2023 qui
990 1962 1075 2006 sena·

8 2105 9 2108 ¹
115 2031 164 2086 tus
187 2027 355 2089 consultum
375 2029 523 2100 13333331,
549 2029 827 2108 33333313313,
858 2033 1006 2090 transacta
1031 2045 1073 2097 33,

116 2110 195 2186 quod
212 2111 429 2174 contenderent
443 2112 507 2174 1311.

178 2192 317 2255 XXXVII.
347 2196 442 2258 Creatl
461 2197 602 2260 consules
621 2203 690 2259 sunt
709 2198 740 2260 C.
758 2196 951 2275 Sempronius
967 2195 1074 2257 113311·
1096 2200 1107 2252 1

114 2293 171 2338 nus
189 2274 222 2346 Q.
245 2276 355 2340 Fabius
371 2278 541 2344 Vibulanus.
561 2313 597 2326 —
618 2282 779 2358 Peregrina
802 2297 866 2350 333,
890 2280 942 2342 sed
963 2297 1075 2341 memo·
1103 2295 1106 2302 ’

108 2361 159 2420 ‘ria
175 2361 263 2439 digna
284 2363 410 2424 traditur
436 2383 471 2426 eo
486 2382 564 2426 3333
580 2364 670 2434 13313,
694 2362 870 2425 Vulturnum
883 2363 1076 2424 Etruscorum

116 2441 236 2515 urbem,
265 2463 341 2523 quae
371 2464 451 2508 nunc
476 2448 574 2526 Capua
599 2455 659 2517 331,
686 2447 721 2508 31
744 2444 924 2508 Samnitibus
951 2454 1074 2522 captam,

8 2561 10 2564 ·
116 2529 305 2605 Capuamque
319 2527 356 2589 ab
372 2530 448 2590 duee
464 2547 567 2591 eorum
581 2530 677 2608 (13333
693 2528 756 2599 331,
772 2528 851 2606 quod
866 2529 989 2606 propius
1004 2544 1075 2588 vero

115 2618 175 2680 331,
195 2628 212 2670 3
235 2614 393 2690 campestri
418 2629 490 2690 agro
514 2612 698 2692 appellatam.
737 2630 845 2690 333333
869 2618 966 2671 autem
991 2611 1075 2688 33133
1092 2623 1197 2670 2-⁴

8 2695 9 2698 ’
116 2692 195 2754 33113
220 2693 347 2772 fatigatis
365 2695 497 2758 Etruscis
524 2697 746 2758 insocietatem
771 2693 854 2756 urbis
876 2711 1074 2772 agrorumque

79 2809 82 2816 .
116 2779 245 2856 accepti,
268 2779 375 2841 deinde
392 2780 467 2842 festo
481 2780 528 2841 die
548 2782 643 2857 grans
663 2797 768 2840 somno
791 2777 945 2856 epulisque
961 2775 1074 2836 incolas

117 2867 231 2922 veteres
244 2863 312 2923 novi
325 2862 422 2925 coloni
437 2871 580 2926 nocturna
600 2863 690 2925 caede
708 2863 812 2924 adorti.

178 2943 231 3005 llis
244 2943 334 3006 rebus
348 2949 420 3008 33113
435 2946 571 3009 33333133
593 2949 629 3018 11,
653 2964 726 3024 quos
743 2947 884 3016 diximus,
902 2943 1001 3005 idibus
1019 2943 1074 3006 Dc·
1092 2955 1109 3006 3

116 3025 286 3090 cembribus
297 3031 497 3108 magistratum
510 3047 664 3110 occepere.
681 3033 740 3090 iam
754 3047 814 3090 non
826 3028 921 3090 solum
933 3030 984 3106 qui
997 3027 1073 3087 adid
1092 3036 1109 3084 4

115 3111 199 3188 missi
217 3117 302 3172 erant
316 3112 477 3174 retulerant
490 3115 637 3180 inminere
655 3111 791 3174 Volscum
813 3110 938 3181 bellum,
962 3109 1014 3172 sed
1032 3109 1074 3171 le·

117 3195 176 3271 gati
192 3209 309 3271 quoque
330 3194 367 3255 ab
384 3195 494 3258 Latinis
514 3203 543 3257 et
556 3197 693 3258 Hernicis
717 3193 906 3263 nuntiabant,
930 3200 1074 3254 nonanto

117 3293 257 3355 umquam
274 3277 395 3340 Volscos
410 3297 466 3342 nec
485 3279 608 3342 ducibus
623 3279 756 3358 legendis
777 3295 832 3340 nec
848 3278 990 3339 exercitui
1001 3277 1074 3337 scri-

117 3359 215 3422 bendo
227 3363 400 3425 intentiores
411 3363 515 3425 luisse:
532 3363 618 3442 vulgo
633 3363 777 3433 fremere,
794 3368 844 3422 331
857 3363 1073 3440 inperpetuum
1093 3371 1109 3424 1

118 3461 199 3506 arma
220 3442 390 3526 bellumque
408 3445 549 3508 oblivioni
573 3447 666 3507 danda
684 3448 845 3524 iugumque
859 3444 1073 3523 accipiendum,
