2572 3956
245 205 342 248 crees
355 207 389 248 11.
413 205 485 248 osa.
503 198 537 252 59
562 197 605 254 60.
621 199 665 254 61.
692 187 730 270 [a.
750 188 785 250 O.
801 199 862 256 471.
875 189 936 272 tro]
1008 195 1068 260 121

108 358 208 438 prima
229 355 297 417 luce
313 355 438 416 classico
453 357 572 433 signum
591 355 787 433 profectionis
803 358 893 420 dedit.
924 377 993 420 cum
1007 377 1070 424 ma·
1086 368 1104 416 7

109 443 190 522 xime
209 455 317 516 agmen
332 459 349 500 e
367 441 473 500 castris
497 436 713 517 explicaretur,
734 440 833 502 Volsci
854 449 888 502 ut
908 442 1013 504 codem
1029 445 1069 504 si-

109 542 170 602 gno
184 524 302 584 excitati
321 523 498 584 novissimos
517 522 702 590 adoriuntur.
729 523 869 602 aquibus
885 523 1018 604 perlatus
1032 525 1069 586 ad

108 609 224 687 primos
236 605 379 667 tumultus
399 623 434 667 eo
450 622 561 683 pavore
577 607 720 686 signaque
749 613 778 668 et
793 608 913 670 ordines
929 606 1067 680 turbarit,

109 699 144 752 ut
174 707 272 768 neque
294 691 420 767 imperia
444 689 577 749 exaudiri
600 706 697 766 neque
720 691 828 752 instrui
856 693 935 754 acies
957 698 1067 770 posset.

108 791 198 835 nemo
214 771 305 833 ullius
315 772 373 832 nisi
384 772 471 849 lugae
482 787 606 832 memor.
636 771 677 832 ita
691 773 783 833 effuso
794 777 912 850 agmine
924 793 978 854 per
993 780 1069 836 stra·
1086 784 1103 835 8

108 875 178 935 gem
195 873 357 934 corporum
372 871 583 932 armorumque
597 871 733 926 evasere,
751 862 785 916 ut
807 857 892 934 prius
907 857 1001 918 hostis
1018 858 1068 920 de·

108 943 230 1002 sisteret
243 941 329 1017 sequi
345 955 434 1016 mam
448 938 599 998 Romanus
609 938 723 1015 lugere.
751 940 871 1002 tandem
887 939 1021 1004 collectis
1033 961 1070 1004 ex
1086 953 1205 1018 team„

108 1025 251 1101 dissipato
275 1041 366 1083 cursu
388 1019 532 1082 militibus
549 1021 667 1092 consul,
690 1041 758 1082 cum
774 1024 942 1085 revocando
964 1026 1069 1103 nequi-

109 1123 198 1185 quam
213 1123 282 1168 suos
296 1111 472 1183 persecutus
487 1111 573 1174 esset,
589 1105 621 1164 in
635 1113 740 1183 pacato
753 1123 824 1182 agro
840 1114 937 1168 castra
951 1109 1069 1186 posuit;

108 1190 309 1267 advocataque
330 1189 470 1249 contione
490 1189 624 1249 invectus
640 1188 719 1250 haud
741 1188 815 1250 lalso
830 1191 863 1249 in
882 1191 1067 1268 proditorem

108 1274 273 1336 exercitum
284 1270 419 1332 militaris
432 1269 619 1349 disciplinae,
636 1271 819 1334 desertorem
831 1274 999 1351 signorum,
1015 1273 1067 1333 ubi
1086 1283 1120 1334 lo

107 1359 207 1434 signa,
223 1354 277 1416 nbi
293 1372 375 1416 arma
392 1360 505 1423 essent,
529 1353 662 1432 singulos
676 1355 823 1433 rogitans,
845 1359 974 1418 inermes
988 1356 1065 1418 mili·
1085 1370 1115 1420 ιι

106 1450 169 1510 tes,
182 1440 266 1517 signe
284 1439 392 1500 amisso
407 1438 580 1516 signiferos,
603 1437 712 1500 adhoc
727 1441 917 1502 centuriones
932 1440 1064 1518 duplica·

106 1525 244 1601 riosque,
262 1523 314 1600 qui
324 1519 507 1599 reliquerant
518 1521 653 1593 ordines,
669 1524 759 1600 virgis
770 1541 872 1586 caesos
886 1527 985 1586 securi
996 1542 1065 1602 per-

107 1608 201 1668 cussit
206 1651 217 1748 i
234 1613 332 1668 cetera
345 1603 502 1666 multitudo
514 1613 593 1667 sorte
607 1604 748 1668 decumus
760 1608 886 1686 queisque
901 1607 938 1668 ad
951 1606 1066 1705 suppli·

107 1693 190 1753 cium
220 1691 287 1751 ecti.
447 1705 450 1712 ·

168 1772 227 1834 LX.
267 1773 374 1836 Contra
398 1791 431 1834 ea
452 1775 483 1833 in
503 1774 611 1852 Aequis
632 1775 710 1836 inter
729 1774 881 1838 consident
903 1793 937 1835 ac
958 1773 1066 1848 milites
1086 1787 1097 1839 1

107 1859 246 1920 comitate
261 1875 296 1918 ac
316 1855 470 1918 beneficiis
494 1863 638 1918 certatum
653 1864 706 1918 est,
740 1865 771 1919 et
791 1868 896 1920 natura
913 1854 1066 1927 Quinctius

107 1948 172 2004 erat
185 1940 297 2011 lenior,
313 1949 343 2001 et
357 1941 476 2002 saevitia
492 1939 594 2001 infelix
608 1940 754 2018 collegae,
771 1959 830 2019 quo
844 1943 869 2001 is
885 1942 979 2017 magis
993 1957 1064 2018 gan·

106 2027 192 2086 deret
204 2025 326 2101 ingenio
337 2042 408 2094 suo,
427 2024 573 2085 effecerat
593 2022 663 2084 huic
678 2031 776 2086 tantae
791 2024 969 2084 concordiae
981 2023 1065 2086 ducis
1082 2037 1099 2086 2

106 2111 315 2186 exercitusque
330 2125 392 2168 non
409 2109 473 2168 ausi
488 2106 596 2167 offerre
610 2125 642 2168 se
655 2108 750 2186 Aequi
765 2109 864 2184 vagari
877 2105 1063 2186 populabun-

105 2193 178 2253 dum
188 2191 304 2252 hostem
315 2208 370 2269 per
380 2208 467 2268 agros
478 2191 565 2269 passi.
583 2206 639 2251 nec
651 2189 712 2252 ullo
724 2199 791 2254 ante
803 2189 883 2252 bello
895 2189 984 2252 latius
993 2191 1063 2252 inde

105 2283 190 2338 actae
210 2273 349 2353 praedae.
376 2292 410 2336 ea
431 2274 527 2334 omnis
548 2271 634 2334 militi
650 2274 716 2336 data
740 2283 792 2358 est,
830 2273 1014 2335 addebantur
1036 2281 1098 2335 ott

104 2359 224 2429 laudes,
243 2355 352 2437 quibus
372 2357 453 2418 haud
470 2359 568 2418 minus
584 2375 671 2435 quam
689 2359 821 2436 praemio
843 2358 972 2434 gaudent
986 2357 1063 2418 mitt

104 2454 169 2504 tum
184 2443 282 2502 animi
317 2459 385 2502 cum
398 2440 468 2502 duci
489 2448 556 2501 tum,
576 2448 698 2519 propter
719 2440 825 2501 ducem
841 2439 975 2518 patribus
990 2459 1062 2519 quo-

105 2543 165 2604 que
181 2525 325 2604 placatior
342 2525 490 2587 exercitus
503 2523 598 2593 redit,
616 2521 675 2584 sibi
689 2529 859 2602 parentem,
875 2521 960 2584 alteri
978 2540 1062 2594 exer-

106 2611 180 2670 citui
197 2609 350 2670 dominum
363 2607 465 2669 datum
480 2605 516 2666 ab
531 2613 637 2668 senatu
650 2623 829 2668 memorans.
847 2639 882 2650 ·-
900 2606 986 2666 Varia
1001 2605 1062 2666 lor·
1080 2615 1097 2662 4

104 2703 178 2754 tuna
192 2689 263 2753 belli
279 2693 374 2752 atroci
387 2689 536 2751 discordia
551 2689 631 2750 demi
648 2691 781 2768 lorisque
802 2707 913 2750 annum
928 2694 1064 2750 exactum

104 2778 255 2853 insignem
273 2776 401 2836 maxime
416 2775 535 2834 comitia
548 2771 660 2836 tributa
677 2773 825 2844 efficiunt,
847 2791 897 2834 res
911 2774 1005 2834 maior
1021 2773 1063 2832 vi·
1096 2839 1098 2842 ,

106 2861 200 2920 ctoria
213 2859 345 2936 suscepti
355 2857 526 2918 certaminis
541 2874 631 2934 quam
645 2875 717 2918 mu:
735 2855 803 2935 plus
819 2857 898 2918 enim
913 2857 1063 2934 dignitatis
1080 2864 1098 2916 e

106 2943 233 3003 comitiis
253 2943 326 3020 ipsis
347 2941 512 3004 detractum
528 2946 573 3001 est
595 2940 730 3018 patribus
747 2959 784 3002 ex
799 2939 924 3001 coneilio
942 2939 1063 3000 submo-

105 3024 224 3096 vendis,
239 3041 327 3102 quam
337 3024 445 3096 virium
461 3030 512 3086 aut
529 3023 611 3102 plebi
631 3024 762 3086 additum
781 3029 827 3086 est
845 3033 897 3084 aut
911 3023 1063 3100 demptum

127 3107 251 3170 atribm.
534 3147 537 3153 ·

106 3127 125 3189 p
161 3191 234 3254 Llll.
267 3191 479 3258 Turhnentior
498 3189 570 3252 inde
593 3207 689 3252 annus
711 3191 826 3268 excepit
842 3188 874 3249 L.
893 3186 1009 3265 Valerio
1027 3187 1059 3246 Τ.
1081 3194 1095 3246 1

105 3276 231 3338 Aemilio
246 3275 434 3346 consulibus,
457 3293 526 3338 cum
547 3281 670 3353 propter
687 3275 848 3334 certamina
865 3271 1002 3332 ordinum
1025 3271 1061 3330 de

105 3359 171 3438 lege
185 3362 311 3438 agraria,
322 3366 386 3420 tum
399 3365 522 3437 propter
534 3358 677 3419 iudicium
688 3357 764 3435 Appi
779 3355 901 3423 Claudii,
918 3354 966 3414 cui
979 3371 1061 3414 acer·
1078 3365 1097 3412 a

104 3445 182 3505 rimo
194 3443 363 3508 adversario
378 3441 453 3522 legis
464 3459 645 3520 causamque
657 3455 865 3520 possessorum
875 3435 987 3520 publici
998 3437 1062 3515 agri
