2580 3954
173 174 235 235 216
318 185 414 228 urrann
429 187 472 229 rr.
498 185 568 228 css.
584 177 628 232 20.
642 178 685 230 tl.
716 164 756 248 [a.
771 188 800 228 u.
818 187 844 226 c.
860 165 988 248 tlt-319]

176 353 241 397 sum
254 333 407 394 tribunum
416 332 541 395 militum
554 335 684 396 secunda
696 332 790 413 spolia
801 334 899 413 opima
914 334 990 394 loris
1004 334 1132 396 Feretrll

142 435 158 485 s
175 418 285 498 templo
300 416 435 479 intulisse
450 421 581 497 exposui.
610 425 758 487 ceterum,
774 424 985 496 praeterquam
1001 416 1080 496 quod
1098 436 1133 479 aa

174 504 232 565 rite
254 504 351 581 opima
372 501 466 581 spolia
484 501 633 563 habentur
648 520 722 581 quac
740 501 799 562 dux
820 502 889 562 duci
912 501 1053 571 detraxit,
1075 500 1132 562 nec

177 589 282 649 ducem
295 587 428 646 novimus
439 587 496 647 nisi
509 587 593 647 cutus
609 587 741 665 auspicio
755 583 868 646 bellum
882 586 1013 663 geritur,
1029 581 1133 646 u'tulus

175 673 240 750 ipse
264 669 367 749 spoliis
388 670 550 748 inscriptus
575 668 643 731 illos
664 687 772 748 meque
796 670 894 746 arguit
922 669 1076 730 consulem
1098 686 1133 728 ea

142 765 158 814 7
177 756 298 818 Cossum
314 755 438 832 cepisse.
468 752 526 814 hoc
540 772 594 832 ego
609 772 678 814 cum
692 755 858 831 Augustum
874 753 1046 823 Caesarem,
1058 759 1133 814 tem·

176 839 294 918 plorum
316 837 447 898 omnium
469 838 653 899 conditorem
672 855 706 898 ac
727 837 943 907 restitutorem,
966 837 1133 914 ingressum

177 923 280 983 aedem
293 920 420 982 Feretrii
434 918 524 992 loris,
542 939 631 1000 quam
646 927 790 983 vetustate
809 919 1085 1000 dilapsam-refecit,
1101 936 1135 980 so

176 1007 274 1084 ipsum
288 1005 319 1063 in
333 1001 456 1064 thorace
469 1003 561 1066 linteo
576 1006 721 1084 scriptum
734 1003 842 1082 legisse
854 1004 1016 1075 audissem,
1039 1019 1136 1082 propo

177 1085 365 1164 sacrilegium
376 1094 458 1148 ratus
469 1107 534 1149 sum
547 1089 638 1151 Cosso
652 1087 815 1168 spoliorum
829 1106 952 1150 suorum
968 1088 1133 1155 Caesarem,

144 1180 160 1231 8
177 1173 270 1252 ipsius
285 1170 388 1250 templi
408 1177 576 1244 auctorem,
601 1172 777 1236 subtrahere
795 1177 910 1235 testem.
941 1172 1031 1250 quisi
1048 1189 1082 1232 ea
1104 1171 1136 1228 in

178 1275 211 1318 re
226 1257 264 1316 sit
279 1273 374 1326 error,
390 1256 469 1334 quod
485 1262 546 1316 tam
560 1263 675 1318 vetares
691 1255 811 1318 annales
829 1255 968 1334 quodque
981 1255 1135 1332 magistra-

177 1348 241 1400 tum
255 1338 340 1410 libri,
362 1357 436 1418 quos
457 1339 565 1402 linteos
579 1341 611 1400 in
630 1339 703 1402 aede
725 1341 872 1420 repositos
885 1339 1021 1400 Monetae
1035 1338 1138 1400 Macer

178 1423 308 1485 Licinius
335 1424 405 1484 citat
425 1422 587 1484 identidem
607 1429 760 1494 auctores,
788 1423 905 1485 decimo
925 1429 994 1501 post
1017 1421 1137 1482 demum

179 1523 257 1568 anno
280 1523 347 1566 cum
361 1506 394 1567 T.
415 1503 552 1577 Quinctio
567 1507 669 1568 Panno
684 1508 716 1568 Α.
733 1507 903 1570 Cornelium
921 1507 1045 1568 Cossum
1065 1520 1138 1564 con·

146 1606 162 1656 9
180 1589 276 1652 sulem
292 1588 438 1659 habeant,
459 1591 635 1652 existimatio
651 1592 816 1652 communis
833 1589 970 1652 omnihus
987 1595 1040 1650 est.
1068 1603 1138 1648 nam

181 1675 269 1736 etiam
290 1672 362 1734 illud
378 1672 506 1744 accedit,
531 1691 569 1735 ne
586 1681 647 1735 tam
668 1673 749 1735 clara
769 1691 868 1752 pugna
883 1675 914 1733 in
936 1691 1004 1734 eum
1027 1687 1134 1736 annum

181 1756 337 1819 transferri
350 1764 459 1835 posset,
472 1757 552 1834 quod
562 1757 673 1818 inbelle
685 1759 846 1818 triennium
860 1757 955 1818 sermo
968 1753 1137 1835 pestilentia

181 1841 340 1918 inopiaque
357 1839 476 1918 frugum
492 1842 573 1902 circa
586 1842 619 1903 h.
630 1839 801 1904 Cornelium
816 1839 1049 1909 consuantur,
1064 1837 1139 1900 adeo

181 1930 214 1985 ut
228 1923 347 2002 quidam
361 1923 482 1986 annales
497 1923 577 1986 velut
591 1925 700 1988 funesti
714 1923 788 1986 nihil
799 1932 920 2004 praeter
933 1924 1053 1984 nomina
1067 1938 1138 1981 con·

132 2027 164 2078 10
181 2007 279 2070 sulum
290 2015 460 2086 suggerant.
491 2009 597 2070 tertius
614 2008 650 2070 ah
667 2007 821 2070 consulatu
837 2009 920 2070 Cossi
934 2023 1028 2068 annus
1043 2003 1139 2066 tribu·

181 2109 254 2152 num
267 2109 336 2152 eum
349 2090 476 2152 militum
492 2091 642 2153 consulari
656 2098 801 2171 potestate
814 2091 919 2162 habet,
938 2091 1044 2151 eodem
1059 2105 1140 2150 anno

182 2175 355 2252 magistrum
372 2176 517 2253 equitum:
534 2191 593 2252 quo
604 2177 636 2235 in
645 2177 771 2254 imperio
783 2175 907 2236 alteram
917 2175 1066 2250 insignem
1078 2171 1139 2233 edi·

132 2267 162 2318 11
183 2258 225 2318 dit
239 2275 368 2336 pugnarn
384 2263 561 2334 equestrem.
593 2257 735 2320 salibara
756 2259 927 2321 coniectura
943 2263 997 2319 est.
1022 2256 1091 2326 sed,
1106 2260 1140 2314 ut

184 2359 238 2419 ego
253 2340 396 2412 arbitror,
414 2359 488 2402 vana
502 2359 621 2405 versare
637 2343 669 2402 in
685 2360 788 2404 omnes
804 2343 959 2421 opiniones
975 2339 1055 2410 licet,
1071 2355 1140 2399 cum

183 2430 285 2503 auctor
301 2442 418 2504 pugnae
432 2425 604 2488 recentibus
622 2425 724 2505 spoliis
744 2427 776 2486 in
791 2443 875 2488 sacra
890 2425 961 2487 sede
974 2424 1078 2503 positis
1092 2422 1140 2483 lo·

183 2526 247 2570 vem
263 2527 359 2588 propa
388 2511 501 2588 ipsum,
517 2511 565 2570 cui
580 2516 646 2571 vota
661 2516 760 2580 crant,
775 2508 994 2586 Romulumque
1010 2509 1139 2575 intuens,

182 2591 262 2652 haud
277 2593 462 2672 spernendos
477 2592 544 2654 salsi
561 2592 639 2654 tituli
658 2599 763 2664 testes,
781 2612 814 2656 se
829 2593 861 2654 Α.
878 2590 1048 2655 Cornelium
1069 2591 1141 2652 Cos·

183 2695 249 2737 sum
262 2675 415 2738 consulem
430 2678 591 2755 scripserit.

151 2773 164 2822 1
246 2760 320 2820 XXI.
350 2760 388 2820 M.
402 2759 538 2822 Cornelio
552 2758 754 2838 Maluginense
769 2759 801 2821 L.
817 2760 935 2838 Papirio
949 2761 1055 2824 Crasso
1068 2775 1138 2820 con·

183 2843 297 2904 sulibus
315 2845 461 2904 exercitus
482 2844 514 2902 in
537 2861 642 2921 agrum
658 2844 811 2906 Veientem
829 2861 864 2904 ac
879 2843 1028 2906 Faliscum
1048 2843 1138 2912 ducti,

149 2925 312 3006 apraedae
333 2925 453 2988 abactae
472 2926 626 2988 hominum
643 2944 855 3007 pecorumque.
892 2926 985 2990 hostis
1007 2929 1039 2988 in
1061 2927 1142 3004 agris

184 3027 329 3088 nusquam
345 3011 481 3071 inventus
495 3027 592 3089 neque
608 3011 758 3090 pugnandi
774 3011 860 3090 copia
876 3011 961 3072 lacta.
992 3010 1082 3072 urbes
1096 3017 1140 3070 ta·

183 3110 253 3155 men
274 3111 335 3154 non
356 3092 553 3172 obpugnatae,
578 3095 646 3173 quia
669 3094 837 3173 pestilentia
860 3094 1005 3175 populum
1024 3095 1138 3155 invasit

150 3182 215 3242 aet
235 3178 395 3239 seditiones
416 3177 496 3238 domi
516 3179 668 3256 quaesitae
685 3184 767 3248 sunt,
792 3195 848 3240 nec
867 3186 965 3240 motae
984 3186 1084 3240 tamen
1103 3174 1142 3237 ab

185 3261 235 3336 Sp.
248 3260 352 3321 Maelio
368 3259 488 3322 tribuno
502 3260 613 3340 plebis,
630 3263 683 3340 qui·
696 3261 795 3324 favore
804 3263 932 3324 nominis
944 3269 1094 3323 moturum
1107 3279 1142 3322 se

185 3341 295 3420 aliquid
309 3350 391 3405 ratus
411 3350 442 3405 et
454 3345 583 3405 Minucio
606 3345 684 3409 diem
710 3345 826 3406 dixerat
849 3352 878 3407 et
898 3348 1083 3424 rogationem
1104 3344 1144 3405 de

151 3424 372 3505 apublicandis
399 3427 486 3489 bonis
514 3427 619 3490 Servili
647 3427 757 3490 Ahalae
779 3427 903 3500 tulerat,
931 3429 1013 3492 salsis
1041 3427 1143 3490 crimi-
