2580 3954
193 199 254 262 228
361 211 457 260 nmnr
471 210 513 252 ru.
544 208 615 252 car.
631 201 674 254 32.
690 203 733 256 33.
760 193 801 270 [a.
819 211 849 252 n.
867 212 892 252 c.
911 193 974 270 328]

195 363 326 439 equitum
346 358 505 438 praecipit,
527 375 565 419 ne
586 357 700 418 iniussu
721 373 850 436 pugnam
875 359 1010 436 incipiat:
1032 376 1154 420 secum

195 462 269 524 opus
283 446 321 506 sit
336 443 467 520 equestri
476 440 601 511 auxilio,
617 441 734 518 signum
749 441 902 511 daturum;
915 449 977 502 tum
996 448 1027 501 ut
1036 459 1154 502 memor

194 529 293 608 regiae
317 543 448 607 pugnae,
475 541 590 586 memor
612 525 704 601 opimi
730 523 800 584 doni
819 523 1056 602 Romuliquc'ac
1075 525 1154 586 loris

148 627 177 676 tt
194 613 320 675 Feretrii
334 628 398 672 rem
414 614 540 686 gereret.
572 606 707 685 legiones
722 609 832 685 impetu
853 609 965 686 ingenti
979 607 1153 686 mnittgmu.

193 697 343 758 Romanus
368 692 436 754 odio
458 709 614 760 accensus,
643 692 758 769 inpium
773 690 944 752 Fidenatem
971 690 1155 770 praedonem
1265 717 1268 730 ·

195 780 360 848 Veientem,
381 783 518 855 ruptores
539 775 735 844 indutiarum,
764 783 903 835 cruentos
923 772 1086 853 legatorum
1106 775 1155 833 in‘·

195 863 281 923 landa
295 861 399 929 caede,
418 875 571 937 respersos
582 859 725 934 sanguine
740 856 914 918 colonorum
928 875 1066 927 suorum,
1083 875 1155 935 per-

195 946 269 1007 fidos
284 946 397 1012 socios,
418 940 543 1002 inbelles
564 941 663 1002 hostes
687 939 881 1018 compellans,
902 941 986 1002 iactis
1006 939 1094 1003 simul
1110 941 1155 1001 di·
1268 981 1269 984 ι

196 1031 310 1106 ctisque
326 1027 426 1088 odium
442 1024 549 1103 explet.
1268 1045 1269 1054 ι

164 1132 177 1182 1
259 1110 387 1172 lllllllll.
417 1109 612 1171 Concusserat
626 1108 723 1185 primo
741 1109 838 1170 statim
852 1124 1015 1186 congressu
1028 1107 1155 1178 hostem,

197 1214 264 1256 cum
286 1201 410 1272 repente
432 1191 586 1271 patefactis
607 1190 786 1252 Fidenarum
810 1193 904 1270 portIs
929 1209 1003 1252 nova
1028 1193 1157 1270 erumpit

162 1281 274 1350 2aeios
296 1278 425 1338 inaudita
446 1283 513 1337 ante
534 1275 565 1336 id
584 1282 700 1353 tempus
721 1275 940 1352 invisitataque:
967 1273 1087 1353 ignibus
1108 1293 1156 1336 ar·

197 1369 273 1423 mata
287 1363 392 1440 ingens
409 1357 579 1429 mrdtitudo,
602 1355 774 1435 facibusque
789 1357 960 1420 ardentibus
974 1365 1035 1420 tota
1052 1358 1157 1418 conlu-

199 1464 283 1515 cens,
302 1443 380 1506 velut
395 1443 523 1504 lanatico
538 1443 675 1503 instincta
692 1458 795 1513 cursu,
818 1444 849 1502 in
864 1442 980 1504 bostem
996 1445 1072 1512 ruit,
1094 1443 1157 1502 lor·

104 1585 106 1596 ,
198 1545 304 1605 maque
331 1525 467 1587 insolitae
494 1541 611 1602 pugnae
635 1523 784 1586 Romanos
813 1543 974 1606 parumper
1003 1528 1155 1605 exterruit

163 1635 180 1686 3
197 1620 258 1672 turn
277 1612 402 1672 dictator
415 1609 554 1686 magistro
565 1609 695 1684 equitum
711 1609 929 1688 equitibusque,
941 1617 1004 1670 tum
1021 1628 1057 1672 ex
1071 1626 1157 1670 mon·
1270 1607 1271 1622 ¹

199 1695 277 1757 tibus
299 1692 437 1763 Quincuo
464 1693 557 1752 accito
582 1689 729 1770 proelium
757 1695 839 1755 ciens
859 1695 922 1771 ipse
950 1695 982 1754 in
1005 1695 1157 1755 sinistrum

200 1797 306 1848 cornu,
326 1777 405 1862 quod
422 1776 560 1837 incendio
575 1774 699 1836 similius
711 1792 799 1853 quam
814 1777 929 1856 proelio
944 1779 1081 1838 territum
1092 1795 1156 1839 ces·
1271 1777 1272 1842 l

165 1891 181 1939 4
198 1870 276 1924 serat
291 1861 431 1934 dammis,
449 1860 592 1928 accurrit,
609 1858 747 1937 claraque
764 1879 836 1922 voce
853 1861 992 1931 „lumone
1007 1861 1096 1921 vieti‘
1110 1863 1156 1921 in·

199 1947 262 2022 quit
278 1943 379 2016 „velut
394 1961 518 2006 examen
531 1944 647 2022 apium,
670 1940 736 2003 loco
757 1951 856 2005 vestro
874 1946 967 2007 exacti
984 1947 1093 2006 inermi
1107 1963 1156 2006 oe·

199 2029 273 2090 dotis
301 2028 397 2089 hostii
424 2044 484 2088 non
505 2027 587 2088 terro
604 2028 771 2104 extinguitis
791 2029 887 2106 ignis?
914 2046 975 2090 nou
998 2028 1078 2090 iaces
1103 2027 1157 2090 bas

199 2114 277 2190 ipsas
295 2129 351 2189 pro
375 2130 407 2173 se
427 2113 567 2188 quisque,
592 2112 618 2171 si
636 2111 698 2188 igni
722 2127 782 2171 non
801 2110 868 2173 telis
887 2112 1078 2190 pugnandum
1103 2118 1156 2181 est,
1272 2159 1273 2172 ,

165 2219 182 2269 5
200 2202 316 2274 ereptas
332 2194 411 2256 ultro
428 2195 579 2257 inieretisi
603 2194 695 2270 agite,
710 2196 838 2278 nominis
852 2195 979 2257 Romani
993 2214 1028 2256 ac
1041 2197 1157 2256 virtutis

200 2285 316 2358 patrum
332 2284 504 2355 vestraeque
519 2294 667 2338 memores
683 2279 787 2339 vertite
800 2280 970 2341 incendium
986 2277 1045 2340 boc
1057 2281 1088 2338 in
1103 2277 1157 2338 bo·

200 2362 287 2422 stium
306 2359 428 2433 urbem,
456 2369 485 2422 et
504 2362 566 2422 suis
587 2359 712 2422 dammis
734 2361 829 2424 delete
849 2362 990 2433 Fidenas,
1015 2379 1087 2440 quas
1107 2380 1155 2424 ve·

200 2445 268 2506 stris
282 2443 435 2508 beneflciis
449 2443 568 2523 placare
589 2461 650 2504 non
671 2445 815 2522 potuistis.
847 2444 1011 2523 legatorum
1034 2445 1092 2507 boc
1107 2463 1158 2506 ros

201 2535 365 2591 vestrorum
391 2528 625 2606 colonorumque
654 2530 772 2606 sanguis
806 2530 967 2606 vastatique
995 2529 1069 2592 lines
1094 2547 1156 2588 mo·

166 2620 302 2675 onent“
329 2612 366 2673 ad
389 2614 547 2691 imperium
571 2612 722 2672 dictatoris
741 2619 819 2673 mota
841 2621 946 2674 cuncta
959 2615 1047 2674 acies.
1078 2612 1157 2674 iaces

200 2697 308 2774 partim
323 2696 448 2758 emissae
464 2697 651 2774 excipiuntur
664 2697 772 2773 partim
788 2697 816 2756 vi
832 2698 1014 2775 eripiunturr
1032 2705 1157 2774 utraque

149 2789 152 2794 ’
167 2789 183 2838 t
200 2780 280 2840 acies
291 2785 421 2840 armatur
435 2781 506 2857 igni.
525 2780 664 2856 magister
677 2779 807 2856 equitum
818 2781 919 2859 etipse
931 2787 1018 2840 novat
1028 2795 1157 2859 pugnam

201 2869 378 2938 equestrem.
417 2862 519 2923 frenos
537 2869 569 2923 ut
591 2861 746 2924 detrahant
768 2865 852 2941 equis
873 2865 1015 2943 imperat;
1043 2863 1157 2941 etipse

200 2946 341 3024 princeps
359 2944 522 3006 calcaribus
545 2944 669 3007 subditis
690 2953 807 3008 evectus
821 2947 935 3009 effreno
951 2964 1028 3025 equo
1049 2947 1080 3007 in
1095 2963 1157 3008 me·

201 3028 265 3090 dios
279 3029 363 3107 ignes
377 3029 518 3098 insertur,
539 3036 570 3090 et
590 3026 640 3090 alii
653 3030 792 3090 concitati
808 3033 876 3110 equl
895 3029 992 3092 libero
1010 3047 1099 3092 cursu
1114 3030 1157 3090 le·

167 3120 271 3178 erunt
291 3114 419 3190 equitem
439 3113 471 3172 in
495 3112 619 3175 bostem.
658 3112 754 3192 pulvls
779 3113 871 3176 elatus
891 3108 1059 3193 mixtusque
1076 3114 1156 3175 furno

200 3195 298 3258 lucem
315 3215 352 3258 ex
367 3195 462 3258 oculis
475 3197 606 3258 virorum
619 3212 821 3275 equorumque
836 3198 941 3260 aufert
963 3217 999 3260 oa
1014 3215 1090 3277 quae
1102 3198 1156 3258 mi·

201 3277 283 3341 litem
299 3285 447 3342 terruerat
465 3281 579 3358 species
600 3279 675 3341 nibil
692 3280 799 3340 terruit
818 3299 919 3361 equos.
949 3283 1054 3344 ruinae
1069 3283 1157 3361 igitur

202 3360 328 3423 similem
351 3369 479 3441 stragem
510 3379 615 3441 eques,
647 3379 832 3442 quacumque
855 3373 1042 3444 pervaserat,
1068 3363 1156 3426 dedit

167 3456 186 3508 t
202 3442 313 3506 clamor
326 3444 433 3508 deinde
449 3446 555 3507 accidit
569 3463 675 3515 norum
692 3448 743 3525 qui
757 3463 825 3508 cum
835 3454 992 3526 utramque
1006 3446 1158 3509 mirabun-
