2572 3956
232 227 291 290 112
382 239 478 281 nnana
492 239 528 280 11.
552 237 623 280 aar.
638 227 682 282 ts.
697 229 740 280 50.
767 215 805 298 [a.
821 237 851 276 u.
868 236 894 276 c.
910 213 1040 297 ato-ate]

232 398 262 452 et
273 390 408 450 Veientes
419 388 511 448 accito
524 405 559 450 er
570 385 688 447 Etruria
700 385 831 447 exercitu
842 383 1022 463 praesidium
1030 383 1190 445 Cremerae

232 477 418 553 oppugnant,
439 477 469 532 et
487 470 637 531 Romanae
655 468 789 547 legiones
809 467 846 528 ab
864 466 896 528 L.
919 465 1042 528 Aemillo
1063 465 1189 528 consule

232 550 985 618 adductaecomminuscumEtruscisdimicantacie.
1009 565 1189 628 quamquam

183 659 215 712 ιι
233 642 279 701 rix
301 638 447 718 dirigendi
468 637 561 698 aciem
580 637 708 715 spatium
721 633 893 696 Veientibus
913 634 982 694 luit:
1012 633 1089 694 adeo
1109 633 1190 694 inter

229 722 358 803 'primam
373 721 615 800 trepidationem,
631 719 702 780 dum
718 726 786 798 post
804 719 887 796 signa
903 717 1190 778 ordines'lntroeunt

234 805 422 885 subsidiaque
438 803 546 876 locant,
560 803 675 866 invecta
690 801 788 864 subito
804 801 840 863 ab
855 799 948 863 latere
961 800 1094 862 Romana
1106 800 1189 878 equi-

233 899 296 952 tum
311 889 355 950 alu
367 906 427 950 uon
437 889 555 967 pugnae
566 886 655 948 modo
666 886 851 964 incipiendae
863 885 915 947 scd
925 883 1104 946 consistendi
1119 882 1189 944 ade-

185 997 216 1050 12
235 975 287 1034 mit
307 971 414 1034 locum.
455 973 495 1034 ita
510 971 568 1034 lusi
589 977 669 1032 retro
690 969 727 1031 ad
752 969 827 1032 Saxa
842 967 943 1030 Rubra
971 1001 1006 1014 -
1031 966 1074 1027 ibi
1093 972 1189 1028 castra

234 1054 384 1118 habebant
401 1089 437 1100 —
463 1071 566 1133 pacem
585 1052 733 1133 supplices
760 1059 878 1132 petunt;
907 1052 991 1113 culus
1016 1051 1189 1130 impetratae

235 1137 271 1201 ab
285 1140 372 1200 insita
383 1141 488 1200 animis
499 1137 614 1202 levitate
626 1144 693 1199 ante
704 1137 862 1200 deductum
874 1136 1011 1199 Cremera
1023 1133 1189 1196 Romanum
1273 1151 1274 1202 l

233 1223 415 1303 praesidium
431 1223 582 1302 paenituit

201 1325 215 1374 t
297 1307 329 1368 L.
362 1306 477 1369 Rursus
498 1324 566 1368 curn
582 1303 680 1367 Fabiis
701 1305 890 1366 eratVeienti
909 1301 1019 1382 populo
1038 1301 1104 1364 sine
1128 1299 1189 1361 ullo
1273 1301 1274 1382 J

234 1391 354 1453 maions
374 1389 446 1452 belli
468 1397 610 1469 apparatu
633 1395 794 1458 certamen,
816 1405 873 1450 nec
896 1394 980 1449 eram
1001 1385 1189 1446 incursiones
1273 1407 1274 1456 ;

199 1475 322 1540 amodo
337 1475 369 1533 in
383 1491 470 1552 agros
484 1481 534 1535 aut
547 1471 637 1534 subiti
652 1473 779 1551 impetus
800 1474 831 1532 r'n
845 1472 1046 1539 incursantes,
1068 1468 1121 1529 sed
1136 1467 1188 1528 ali·
1273 1463 1274 1558 J

234 1559 370 1636 quotiens
383 1574 477 1636 aequo
496 1573 599 1635 campo
617 1553 799 1634 conlatisque
813 1556 905 1633 signis
923 1559 1083 1622 certatum,
1102 1569 1189 1630 gens·
1273 1559 1274 1604 f

234 1659 292 1721 que
308 1658 367 1702 una
390 1639 492 1720 populi
506 1639 633 1702 Romani
651 1657 739 1718 saepe
761 1657 798 1700 ex
814 1636 1051 1717 opulentissima,
1072 1643 1106 1695 ut
1126 1642 1189 1696 tum
1273 1703 1274 1726 ,

196 1739 217 1790 t
234 1743 283 1786 res
303 1732 401 1795 erant,
414 1723 538 1786 Etrusca
552 1724 666 1785 civitme
677 1723 828 1784 victoriam
843 1721 917 1783 tulit
947 1721 977 1782 id
992 1720 1089 1798 primo
1105 1736 1189 1781 acer·
1273 1727 1274 1750 ¹

234 1808 307 1870 hum
327 1807 539 1888 indignumque
553 1805 723 1870 Veientibus
744 1814 789 1868 est
808 1807 918 1875 visum;
941 1803 1010 1866 iade
1033 1801 1188 1864 masidam
1273 1863 1274 1866 ,

235 1911 274 1953 er
290 1898 446 1954 renatum
466 1891 580 1954 insidiis
600 1892 732 1953 ferocem
751 1889 867 1951 hostem
883 1886 1028 1968 captandi.
1059 1885 1189 1966 gaudere

198 1991 217 2039 4
235 1977 322 2038 etiarn
335 1974 428 2037 multo
441 1992 581 2037 successu
594 1973 692 2036 Fabiis
707 1973 859 2036 audaciam
873 1989 1019 2035 crescere.
1047 1971 1146 2050 itaque
1161 1977 1190 2031 et
1273 2039 1274 2062 ,

161 2065 162 2070 ’
234 2076 343 2137 pecora
362 2057 573 2137 praedantibus
599 2057 790 2145 aliquotienis,
811 2055 891 2118 velut
910 2073 980 2118 casu
1005 2053 1187 2123 incidissent
1273 2067 1274 2100 1

235 2140 349 2202 obviarn
366 2148 445 2213 acta,
466 2148 496 2205 et
508 2142 668 2220 agrestium
685 2139 755 2217 suga
770 2140 842 2202 rasti
856 2137 952 2202 relicti
970 2139 1050 2218 agri,
1070 2145 1101 2200 et
1118 2135 1188 2198 sub·
1273 2191 1274 2198 ,

234 2225 307 2286 sidia
328 2232 509 2286 armatorum
528 2220 565 2280 ad
585 2221 728 2284 arcendas
742 2222 948 2302 populationes
965 2223 1055 2285 missa
1071 2221 1189 2300 saepius

195 2304 370 2374 ssimtdato
397 2321 486 2382 quam
512 2320 583 2364 vero
606 2321 716 2382 pavore
742 2305 926 2386 refugerunt
964 2307 1084 2385 iamque
1105 2303 1189 2366 Fabii

234 2388 308 2448 adeo
328 2392 565 2466 contempserant
587 2385 717 2459 hostem,
745 2396 778 2451 ut
796 2407 848 2452 sua
862 2390 968 2452 invicta
987 2407 1070 2452 mma
1091 2404 1189 2464 neque
1273 2401 1274 2442 t

233 2470 299 2533 loco
314 2487 411 2549 neque
424 2477 557 2549 tempore
574 2468 635 2530 ullo
655 2468 811 2532 crederent
832 2470 973 2531 sustineri
986 2487 1084 2548 posse.
1115 2468 1189 2530 haer

233 2571 302 2633 spes
321 2554 470 2632 prorexit,
492 2560 525 2615 ut
538 2553 575 2614 ad
589 2561 746 2632 conspecta
766 2552 905 2632 procula
920 2553 1061 2616 &emera
1079 2569 1188 2630 magno

234 2637 330 2715 campi
344 2636 496 2700 intervallo
511 2655 629 2715 pecora,
646 2654 824 2717 quamquam
837 2654 905 2698 rara
923 2636 1053 2698 hostium
1064 2653 1189 2714 appare-

197 2719 307 2780 obant
325 2738 422 2790 arum,
443 2720 646 2782 decurrerent
678 2728 794 2782 etcum
817 2720 965 2800 inprovidi
983 2718 1076 2781 elimo
1097 2735 1189 2780 cursu

233 2802 354 2864 insidias
372 2803 450 2864 circa
471 2804 570 2880 ipsum
595 2805 651 2864 iter
670 2802 781 2866 locatas
806 2809 1012 2882 superassent,
1039 2800 1190 2881 palatique

234 2887 343 2964 passim
357 2903 443 2964 vaga,
468 2893 502 2946 ut
516 2886 549 2947 lit
562 2903 671 2964 pavore
687 2888 813 2958 iniecto,
834 2895 977 2966 raperent
991 2904 1118 2966 pecora,
1139 2899 1189 2947 su-

233 2968 295 3028 bito
312 2987 347 3030 ex
363 2969 477 3030 insidiis
494 2969 698 3048 consurgitur,
719 2978 748 3034 et
769 2970 885 3033 adversi
900 2979 930 3033 et
942 2970 1073 3048 undique
1088 2969 1190 3030 hostes

199 3059 328 3116 ruant
367 3053 465 3132 primo
492 3051 603 3114 clamor
630 3054 819 3116 circumlatus
841 3055 1001 3125 exterruit,
1034 3053 1102 3115 dein
1130 3051 1189 3112 tela

235 3132 271 3196 ab
288 3137 370 3198 omni
391 3143 477 3216 parte
497 3135 690 3207 accidebaut;
717 3137 952 3218 coeuntibusque
976 3136 1110 3198 Etruscis
1129 3136 1190 3196 iam

234 3220 396 3282 continenti
410 3220 527 3299 agmine
541 3227 723 3282 armatorum
737 3222 845 3301 saepti,
863 3221 1031 3300 quomagis
1047 3238 1080 3282 se
1095 3219 1192 3280 hostis

233 3301 394 3374 inferebat,
409 3303 591 3382 cogebantur
604 3303 741 3368 breviore
755 3306 851 3385 spatio
867 3314 897 3366 et
909 3305 968 3384 ipsi
982 3302 1088 3364 orbem
1106 3299 1190 3364 colli·

196 3395 216 3446 tt
232 3401 319 3460 gerez
344 3403 421 3466 quae
433 3404 483 3449 res
498 3394 527 3450 et
539 3389 716 3466 paucitatem
730 3407 836 3452 eorum
848 3390 996 3468 insignem
1010 3394 1040 3448 et
1056 3384 1191 3447 multitu·
1223 3391 1226 3398 ⁴

233 3466 331 3530 dinem
347 3467 540 3532 Etruscorum
561 3470 761 3554 multiplicatis
783 3473 815 3534 in
837 3480 901 3534 arto
919 3469 1074 3532 ordinibus
1099 3469 1192 3530 lacie-
1273 3535 1274 3552 J
