2548 3954
209 227 249 288 42
355 241 487 283 urebar.
524 241 594 284 aar.
612 233 654 288 39.
674 231 716 285 lo.
747 223 831 302 [aa.
849 227 1018 296 emti-176]

175 393 192 442 ²
209 388 337 468 plurimo
351 389 440 468 igitur
455 387 584 453 elamore
598 389 668 451 inde
684 388 721 450 ad
736 395 833 451 tantae
849 391 894 450 rei
909 388 1084 451 miraculum
1096 399 1163 453 orto

210 473 320 534 excitos
333 491 434 551 reges,
457 481 502 545 et,
524 491 591 534 cum
605 473 723 554 quidam
737 472 925 534 familiarium
940 489 1045 551 aquam
1063 475 1100 536 ad
1113 493 1161 537 re·

209 557 417 636 stinguendum
436 557 543 627 ferret,
566 557 602 618 ab
623 559 726 635 regina
741 563 904 628 retentum,
925 557 1085 636 sedatoque
1103 560 1161 619 iam

208 638 334 701 tumultu
347 642 460 704 morari
472 643 599 704 vetuisse
613 657 749 722 puerum,
766 638 861 702 donee
875 658 928 702 sua
939 649 1044 720 sponte
1056 660 1161 722 exper-

174 730 306 786 erectus
328 729 414 786 esset.
443 741 512 785 mox
532 743 599 786 eum
621 741 726 786 somno
748 729 777 786 et
793 724 939 784 dammam
962 724 1067 788 abisse.
1099 735 1161 787 tum

208 805 334 868 abducto
360 809 391 868 in
422 815 569 870 secretum
594 809 656 869 viro
682 807 825 886 Tanaquil
850 809 957 878 „viden
978 816 1010 869 tu
1034 825 1161 890 puerum

207 890 307 951 hune“
329 893 439 970 inquit,
460 909 569 969 „quem
590 899 651 954 tam
670 891 775 952 humill
790 890 871 953 eultu
886 892 1062 954 eduoannusi
1084 896 1162 955 scire

207 973 277 1037 lieet
298 973 378 1036 inune
400 973 501 1038 lumen
523 976 670 1054 quondam
685 973 777 1037 rebus
792 976 901 1037 nostris
917 974 1014 1037 dubiis
1030 975 1161 1037 futurum

206 1057 446 1136 praesidiumque
467 1060 567 1136 rogiae
580 1058 729 1120 adflictae:
751 1057 876 1137 proinde
892 1061 1043 1120 materiam
1057 1062 1161 1138 ingen·

207 1143 245 1204 tis
264 1139 384 1222 publice
403 1144 598 1223 privatimque
618 1142 734 1204 decoris
755 1142 836 1202 omni
858 1141 1039 1220 indulgentia
1060 1151 1159 1204 nostra

165 1223 401 1287 ‘inutriamusfl
432 1226 502 1288 inde
523 1241 650 1306 puerum
671 1224 799 1288 liberum
815 1224 883 1287 loeo
903 1233 1040 1306 coaptum
1055 1226 1159 1288 baberi

208 1310 378 1389 erudirique
394 1309 521 1381 artibus,
550 1309 658 1388 quibus
681 1309 799 1388 ingenia
819 1308 856 1370 ad
876 1327 1000 1388 magnae
1024 1311 1160 1373 fortunae
1271 1343 1272 1346 ¹

207 1392 317 1454 cultum
339 1395 511 1454 excitantur.
546 1395 650 1461 evenit,
666 1392 768 1464 laeile,
793 1393 871 1471 quod
891 1393 947 1455 diis
968 1393 1051 1455 cordi
1073 1403 1157 1456 esset.

206 1477 319 1537 iuvenis
338 1477 428 1538 erasit
443 1494 512 1538 vere
536 1476 644 1538 indolis
659 1477 774 1555 regiae,
793 1493 863 1548 neo,
881 1495 950 1538 eum
966 1485 1159 1557 quaereretur

206 1576 298 1636 gener
314 1557 492 1636 Tarquinio,
512 1561 666 1640 quisquam
680 1559 830 1622 Romanae
849 1563 1008 1624 iuventutis
1022 1561 1080 1622 ulla
1095 1570 1159 1624 arte

206 1642 336 1704 conferri
351 1645 460 1722 potuit,
476 1641 624 1722 liliamque
642 1645 670 1706 ei
687 1662 770 1705 suam
784 1661 839 1706 rex
856 1644 1019 1723 despondit

170 1733 188 1784 t
268 1723 324 1787 llic
338 1741 522 1804 quacumque
537 1727 574 1790 de
586 1745 673 1790 eausa
686 1735 785 1790 tantus
797 1726 841 1789 illi
854 1727 951 1790 honos
964 1727 1081 1792 babitus
1093 1745 1158 1790 cre·

206 1809 276 1871 dere
296 1809 436 1890 prohibet
455 1827 539 1873 serva
562 1819 663 1873 natum
685 1827 751 1874 eum
772 1827 955 1892 parvumque
977 1813 1074 1892 ipsum
1095 1829 1158 1872 ser·

205 1893 289 1955 visse.
322 1911 426 1956 eorum
442 1895 536 1974 magis
553 1897 715 1957 sententiae
732 1911 812 1967 sum,
829 1896 881 1973 qui
898 1895 1055 1958 Corniculo
1072 1903 1157 1974 capto
1271 1897 1272 1926 l

206 1977 289 2040 Servi
304 1976 391 2050 Tulli,
407 1979 458 2056 qui
469 1980 610 2058 princeps
624 1981 655 2039 in
666 1978 715 2040 illa
726 1977 802 2041 urbe
813 1977 918 2050 luerat,
934 1980 1082 2058 gravidam
1093 1981 1156 2039 viro

204 2062 303 2122 occiso
319 2076 460 2133 uxorem,
476 2080 543 2124 eum
559 2064 637 2125 inter
651 2061 781 2140 reliquas
796 2065 924 2144 captivas
938 2065 1054 2141 cognita
1070 2071 1155 2133 asset,

205 2141 243 2206 ob
261 2145 377 2206 unicam
397 2143 580 2208 nobilitatem
602 2145 638 2206 ab
654 2148 758 2224 regina
773 2146 905 2209 Romana
920 2146 1098 2226 prohibitam
1112 2147 1127 2208 i
1143 2179 1157 2194 ·

128 2235 273 2376 Naum
283 2230 402 2290 servitio
413 2237 530 2307 partum
540 2228 650 2291 llomae
661 2230 789 2292 edidisse
800 2229 1045 2310 Prisci'l'arqulnl
1056 2230 1154 2292 demo.

203 2311 272 2373 inde
302 2319 383 2372 tanto
415 2310 561 2374 beneficio
595 2321 624 2375 et
657 2315 735 2376 inter
759 2313 900 2377 mulieres
929 2314 1154 2376 lbmllinritatem

203 2399 332 2465 auctam,
356 2402 385 2456 et
399 2412 542 2474 puerum,
564 2398 640 2456 utin
656 2397 744 2458 domo
760 2415 776 2458 a
790 2415 881 2477 parvo
898 2397 1045 2469 eductum,
1060 2400 1091 2458 in
1106 2417 1155 2458 ca-

202 2479 287 2539 ritate
310 2485 398 2557 atque
413 2478 528 2542 honore
541 2479 648 2550 iuissm
673 2481 821 2542 lortunam
836 2483 952 2553 matris,
970 2482 1049 2560 quod
1070 2489 1154 2560 eapte

202 2563 296 2640 patria
317 2563 348 2624 ln
363 2561 493 2624 bostium
506 2581 611 2626 mamis
624 2565 753 2636 venerit,
770 2572 803 2626 ut
818 2583 901 2627 serva
916 2573 1002 2627 natus
1016 2565 1154 2627 eredere·

202 2651 250 2704 tur
264 2645 378 2708 iecisse.

263 2726 323 2788 XL.
345 2727 671 2809 Duodequadragesimo
688 2731 783 2794 ierme
797 2749 884 2804 anno,
900 2749 1010 2811 exque
1026 2749 1153 2809 regnare
1269 2799 1270 2814 q

203 2816 343 2889 coeperat
356 2809 544 2888 Tarquinius,
559 2829 620 2874 non
637 2813 715 2893 apud
729 2831 831 2893 regern
841 2815 930 2876 modo
944 2815 995 2877 sed
1011 2815 1088 2893 apud
1099 2831 1152 2892 pa·

201 2899 263 2954 tres
273 2891 450 2972 plebemque
463 2893 551 2973 longe
562 2897 689 2956 maximo
698 2895 813 2958 bonore
825 2897 944 2960 Servius
954 2896 1067 2960 Tullius
1079 2903 1151 2959 erat.

167 2982 184 3031 2
200 2982 263 3036 tum
282 2975 356 3036 linei
375 2975 428 3036 lilii
447 2976 520 3047 duo,
548 2979 604 3040 etsi
623 2985 707 3040 antea
729 2997 847 3059 semper
872 2996 928 3060 pro
947 2981 1152 3060 indignissimo

200 3056 365 3120 habuerant
380 3078 412 3121 se
426 3060 522 3139 patrio
538 3077 632 3139 regno
645 3063 751 3124 tenoris
766 3063 871 3126 lraude
884 3064 1002 3143 pulsos,
1025 3081 1152 3144 regnare

200 3141 312 3204 Romae
326 3142 468 3204 advenam
483 3160 543 3204 non
558 3145 646 3206 modo
661 3146 775 3208 rielnae
786 3146 839 3208 sed
853 3165 892 3210 ne
903 3148 1021 3211 italicae
1033 3149 1150 3226 quidem

200 3227 316 3304 stirpis,
339 3234 402 3286 tum
424 3228 577 3305 inpensius
597 3229 634 3289 ils
658 3228 817 3307 indignitas
838 3248 989 3302 creseere,
1010 3234 1036 3293 sl
1056 3249 1094 3294 ne
1114 3229 1150 3290 ab

166 3315 183 3367 t
200 3308 361 3387 Tarquinio
373 3310 492 3388 quidem
503 3311 539 3372 ad
551 3331 583 3375 se
593 3311 706 3374 rediret
716 3329 850 3392 reginum,
863 3315 916 3378 sed
927 3333 1071 3396 praeceps
1082 3314 1152 3375 inda

200 3408 292 3469 porro
312 3392 349 3453 ad
371 3395 487 3454 servitia
503 3394 635 3466 caderet,
657 3403 690 3457 ut
705 3398 736 3457 ln
751 3396 854 3459 eadem
870 3401 985 3461 civitate
1000 3405 1069 3478 post
1082 3413 1152 3460 een·

200 3475 336 3535 tesimum
353 3475 417 3538 lere
432 3494 542 3538 annum
558 3495 645 3556 quem
657 3479 808 3553 Romulus,
824 3481 880 3544 deo
889 3491 1061 3563 prognatus,
1079 3480 1153 3542 deus
