2572 3956
269 233 364 277 nisan
383 233 418 276 11.
450 232 520 276 osa.
536 224 578 280 31.
595 224 639 280 ³2.
661 217 701 296 [a.
721 216 777 278 (th.
791 226 853 282 ost.
868 217 931 297 493]
1037 223 1077 286 93
1162 191 1171 254 ¹·

124 383 232 453 attinet,
250 398 348 460 neque
363 379 529 443 frustrabor
543 381 619 443 ultra
634 383 712 444 cives
722 401 814 455 meos,
830 400 927 461 neque
939 386 1003 464 ipse
1015 385 1077 446 iru-

123 477 181 532 stra
197 466 321 528 dictator
341 483 403 526 ero.
436 464 601 528 discordiae
614 468 781 538 intestinae,
797 466 908 529 bellum
923 475 1078 530 exmrnurn

123 552 237 622 iecere,
259 557 292 610 ut
313 548 370 610 hoc
391 549 563 626 magistratu
582 558 684 628 egeret
704 567 754 613 res
775 549 910 630 publica;
933 570 991 631 pax
1004 553 1078 616 ioris

123 641 205 715 parta
222 640 283 704 ost,
307 633 388 695 domi
404 633 568 712 inpeditur:
591 635 721 712 privatus
736 636 834 712 potins
849 651 938 711 quam
953 636 1077 699 dictator

125 718 259 781 seditioni
279 717 443 779 interero.‘⁴
472 718 512 778 ita
532 717 614 778 curia
635 735 771 796 egressus
790 719 932 780 dictatura
949 738 981 782 se
995 719 1078 783 abdi-

124 802 204 871 oarit.
227 801 364 880 apparuit
379 817 466 861 causa
480 799 572 882 plebi,
589 819 671 862 suam
687 803 781 864 ricem
799 803 1003 880 indignantem
1016 820 1078 864 ma·
1097 806 1126 858 lt

124 886 244 962 gistratu
265 883 371 946 abisse.
400 885 499 961 itaque
521 884 600 947 velut
612 885 763 964 persoluta
777 884 851 956 lide,
869 888 1008 963 quoniam
1022 903 1078 966 per

123 985 188 1030 eum
204 986 265 1029 non
279 968 415 1038 stetisset,
432 969 504 1044 quin
517 976 734 1047 praestaretur,
751 968 944 1032 decedentem
959 969 1079 1032 domum

122 1069 190 1112 cum
207 1051 307 1112 lavore
322 1069 356 1112 ac
373 1050 510 1113 laudibus
525 1053 676 1130 prosecuti
691 1059 767 1114 sunt.

183 1133 298 1196 XXXII.
329 1135 430 1196 Timor
450 1135 520 1196 indo
540 1143 639 1214 patres
659 1137 793 1207 incessit,
816 1154 870 1208 ne,
893 1139 919 1198 si
941 1137 1077 1198 dimissus
1096 1139 1111 1189 1

122 1220 269 1281 exercitus
295 1218 387 1289 foret,
414 1235 519 1280 rursus
545 1226 646 1280 coetus
667 1219 776 1280 occulti
800 1222 1078 1297 coniurationesque

121 1302 235 1364 florent.
266 1303 380 1379 itaque,
398 1318 576 1379 quamquam
593 1319 648 1381 per
663 1303 837 1365 dictatorem
851 1301 975 1365 dilectus
993 1302 1077 1365 habi·

122 1392 168 1446 tus
182 1392 274 1456 esset,
294 1390 408 1456 umen,
431 1387 571 1462 qnoniam
592 1387 624 1446 in
642 1384 797 1448 consulum
816 1384 904 1448 verba
921 1388 1077 1457 iurassent,

122 1475 307 1534 sacramento
327 1469 425 1530 teneri
443 1466 566 1531 militem
585 1471 657 1541 rati,
678 1486 733 1549 per
753 1487 872 1532 causam
892 1472 1025 1532 renovati
1040 1468 1077 1530 al)

122 1552 230 1630 Aequis
250 1550 322 1613 belli
344 1551 430 1612 educi
452 1570 488 1614 cx
507 1551 582 1614 urbo
603 1551 736 1630 legiones
756 1554 880 1616 iussere.
918 1571 977 1632 quo
999 1555 1077 1616 lacto

121 1641 265 1696 maturata
280 1642 325 1697 ost
339 1635 454 1696 seditio.
482 1642 512 1697 et
524 1637 622 1714 primo
637 1637 777 1714 agitatum
792 1639 899 1698 dicitur
916 1638 953 1699 de
970 1656 1079 1700 consuo
1094 1647 1112 1698 2

121 1717 183 1780 lum
197 1719 296 1789 caede,
314 1726 347 1780 nt
362 1718 547 1780 solverentur
562 1728 761 1788 sacramento;
777 1720 880 1782 doctos
894 1721 1001 1783 deinde
1012 1721 1078 1782 uril-

122 1799 181 1863 lam
201 1800 315 1864 scelere
335 1800 511 1880 religionem
533 1802 657 1873 exsolvi,
681 1803 791 1864 Sicinio
811 1803 938 1881 quodam
957 1811 1080 1866 auctore

122 1887 235 1948 iniussu
252 1885 406 1947 consulum
422 1887 454 1946 in
470 1886 594 1948 Sacrum
608 1895 740 1948 montem
754 1889 921 1949 secessisse.
942 1919 978 1932 -
997 1895 1079 1948 trans

121 1970 265 2032 menam
282 1975 472 2039 annonast,
496 1970 552 2030 tria
567 1967 603 2030 alo
624 1969 699 2031 urbe
714 1969 794 2031 milia
810 1987 937 2050 passum.
970 1988 1005 2033 ea
1019 1971 1113 2032 iro-t

122 2052 259 2131 quentior
276 2053 354 2114 lama
371 2059 415 2114 est
429 2070 518 2130 quam
533 2053 618 2114 cuius
634 2053 704 2114 Piso
719 2061 822 2114 auctor
839 2061 900 2124 est,
915 2055 946 2114 in
961 2053 1078 2115 Arenti-

13 2169 14 2172 π
121 2153 193 2198 oum
208 2137 409 2216 secessiqnem
426 2136 534 2197 factam
549 2155 623 2198 esso.
642 2169 677 2182 -
694 2135 738 2198 ibi
754 2139 819 2199 sinc
834 2136 895 2199 ullo
911 2138 987 2199 duce
1001 2136 1078 2198 vallo
1096 2147 1114 2196 4

133 2237 259 2297 ossaque
282 2220 471 2280 communitis
492 2221 595 2280 castris
615 2220 722 2297 quieti,
742 2237 807 2281 rom
828 2220 939 2282 nullam
953 2223 1011 2283 nisi
1025 2237 1078 2282 ne·

121 2304 281 2364 cosmam
300 2302 338 2363 ad
358 2304 466 2364 victum
480 2303 633 2373 sumendo,
653 2321 707 2382 per
722 2302 834 2381 aliquot
847 2305 911 2367 dies
923 2322 1020 2382 neque
1035 2304 1078 2366 la·
1096 2376 1100 2384 ¹

123 2387 221 2448 cessiti
240 2402 337 2464 neque
354 2385 532 2448 lacessentes
552 2405 618 2448 sese
636 2392 769 2448 tenuere.
808 2405 900 2466 paror
919 2390 1026 2465 ingens
1045 2389 1114 2449 mo

120 2466 197 2530 urbe
216 2477 355 2546 metuque
375 2478 477 2530 mutuo
498 2487 640 2548 suspensa
662 2476 747 2530 erant
768 2471 877 2530 omnia.
907 2471 1013 2530 umere
1027 2487 1075 2531 re-

119 2553 190 2614 licta
205 2549 242 2612 ab
257 2553 319 2613 suis
334 2551 431 2632 plebis
444 2551 614 2612 violentiam
627 2558 753 2630 patrum,
770 2555 876 2614 timere
890 2560 990 2630 patres
1004 2555 1078 2614 resi·

120 2634 584 2714 deminurheplebem,incerti,
596 2627 1077 2697 manereeamanabiremallent.

121 2718 262 2798 quamdiu
283 2727 382 2780 autom
398 2716 588 2795 tranquillam
604 2735 678 2796 qnae
690 2721 847 2782 secesserit
861 2717 1079 2780 multitudinem
1096 2722 1114 2776 t

120 2803 206 2864 lore!
222 2801 293 2880 quid
307 2803 438 2863 laturum
455 2801 572 2872 deinde,
589 2802 615 2864 si
626 2800 706 2878 quod
717 2810 872 2864 externum
882 2804 1003 2863 interim
1013 2801 1077 2863 bel·

120 2885 184 2947 lum
195 2885 318 2948 existat?
328 2883 439 2947 nnllam
449 2885 584 2964 profecto
595 2886 653 2946 nisi
663 2885 695 2945 ln
707 2885 866 2948 concordia
877 2887 983 2947 civium
994 2903 1078 2966 spem
1095 2893 1112 2945 t

120 2969 268 3046 reliquam
290 2970 416 3031 ducere:
441 2987 507 3032 eam
521 2986 576 3048 per
591 2986 685 3046 aequa
696 2986 751 3047 per
766 2970 867 3047 iniqua
881 2969 1078 3030 reconcilian-

120 3053 190 3114 dam
209 3054 317 3114 civitati
337 3070 411 3114 esse.
441 3055 485 3114 sic
506 3051 616 3130 placuit
636 3053 725 3129 igitur
743 3061 893 3114 oratorem
906 3053 944 3114 ad
958 3051 1078 3131 plebem
1095 3060 1113 3112 8

119 3136 211 3207 mint,
238 3136 407 3198 Menenium
431 3136 604 3215 Agrippam,
630 3135 789 3199 iocundum
816 3139 911 3197 vnum
930 3142 977 3205 et,
999 3135 1078 3214 quod

119 3219 192 3281 inde
208 3220 351 3280 oriundus
366 3226 437 3290 erat,
454 3218 536 3298 plebi
552 3236 662 3279 carum.

182 3302 213 3364 -ls
228 3304 414 3364 mnomissus
435 3304 466 3362 in
487 3310 581 3364 castra
596 3305 696 3381 prisco
710 3300 762 3363 illo
777 3301 896 3364 dicendi
909 3309 939 3364 et
952 3301 1076 3365 horrido

119 3386 210 3448 modo
225 3386 299 3448 nihil
316 3386 396 3447 aliud
414 3403 502 3464 quam
516 3385 574 3446 hoc
588 3403 725 3448 narrasse
742 3386 852 3448 iorttu:
868 3393 1002 3465 tempore
1017 3403 1075 3464 quo

119 3468 305 3542 labamine,
329 3488 390 3532 non
412 3477 445 3532 ut
462 3485 557 3539 nunc,
583 3471 682 3531 omnia
695 3471 727 3531 in
743 3487 835 3532 unum
850 3470 1074 3540 consentientia,
1091 3477 1109 3529 a
