2548 3954
188 221 229 282 44
338 233 433 275 arnan
450 233 472 273 1.
502 233 570 274 cnr.
587 222 688 279 timii
718 209 801 295 [au
819 211 989 293 clio-mc]

154 393 171 443 4
188 381 251 444 silia
274 389 430 458 sequere.“
459 399 527 442 cum
544 379 655 459 clamor
678 381 865 458 impetusque
878 377 1074 442 multitudiuis
1093 379 1140 438 rin

187 467 326 526 sustineri
339 474 452 544 posset,
472 484 507 526 ex
522 466 676 544 superiore
690 472 775 542 parte
792 463 909 525 aedium
927 481 981 542 per
996 462 1144 523 fenestras

187 551 217 610 in
236 566 341 610 novam
354 551 431 609 riam
446 566 595 611 versus-
609 547 759 609 habitabat
777 549 856 608 enim
870 566 923 608 rex
937 546 973 608 ad
990 545 1066 607 lovis
1078 546 1142 606 Sta·

153 635 259 715 uteris
275 667 311 678 —
328 631 471 713 populum
485 631 628 710 Tanaquil
645 631 822 709 adloquitur.
852 630 934 692 iubat
948 629 1028 690 bono
1043 630 1144 689 animo

187 735 268 778 esse:
290 719 418 795 sopitum
432 716 522 778 luisse
537 733 640 793 regem
656 715 753 776 subito
770 717 845 784 ictu,
862 714 974 776 ferrum
989 712 1068 773 haud
1084 712 1144 774 alte

186 802 216 860 in
233 818 341 878 corpus
356 800 559 870 descendisse,
574 801 633 860 iam
648 799 685 860 ad
701 818 733 861 se
748 798 880 866 redisse;
896 799 1062 876 inspectum
1079 795 1141 856 rul-

186 902 242 944 nus
257 883 374 945 abterso
390 901 506 952 cruore,
522 884 619 944 omnia
633 881 762 944 salubria
782 901 857 944 esse.
881 881 1032 943 confidere
1046 897 1144 960 prope

187 967 264 1027 diem
279 969 377 1046 ipsmn
391 985 442 1028 eos
457 969 587 1035 visuros;
603 967 722 1027 interim
739 965 840 1028 Servio
855 964 952 1026 Tullio
967 964 1072 1026 iubere
1087 981 1140 1042 po-

185 1049 287 1129 pulum
304 1050 382 1111 dicto
399 1050 565 1112 audientem
583 1068 657 1120 esse,
684 1067 752 1110 eum
765 1051 829 1110 iura
845 1048 1028 1110 redditurum
1045 1047 1140 1108 obitu·

152 1148 168 1200 a
185 1151 311 1212 rumque
329 1133 385 1194 alia
400 1135 480 1212 regis
490 1134 590 1194 munia
606 1152 679 1196 esse.
693 1133 812 1194 Servius
824 1149 892 1192 cum
902 1130 1004 1193 nabeo
1015 1139 1043 1192 et
1057 1130 1145 1192 licto·

201 1215 267 1278 ibus
286 1217 398 1294 prodit,
422 1234 456 1277 ac
472 1217 542 1293 sede
556 1219 636 1295 regia
657 1217 763 1278 sedens
778 1215 834 1276 alia
849 1216 1000 1286 deceruit,
1025 1215 1061 1276 de
1076 1213 1140 1276 aliis

185 1299 389 1361 consulturum
412 1319 445 1362 se
463 1318 567 1378 regem
590 1319 656 1362 esse
677 1298 801 1361 simulat.
824 1301 923 1376 itaque
949 1315 1004 1377 per
1031 1297 1140 1375 aliquot

185 1384 264 1453 dies,
286 1401 354 1444 cum
376 1385 435 1444 iam
453 1385 629 1462 exspirasset
649 1384 843 1460 Tarquinius,
866 1381 957 1443 celata
975 1389 1070 1442 morte
1086 1399 1146 1459 per

185 1469 315 1544 speciem
337 1465 450 1527 alianae
468 1467 634 1544 fungendae
650 1467 723 1526 vicis
736 1467 804 1527 suas
825 1484 897 1544 opas
911 1466 1043 1526 firmarit.
1079 1473 1142 1526 tum

93 1589 97 1602 „
186 1550 304 1610 demum
317 1547 414 1628 palam
428 1549 595 1611 factumest
609 1548 832 1628 conploratione
846 1551 878 1609 in
889 1550 970 1627 regia
982 1555 1055 1609 orta.
1072 1549 1142 1610 Ser·

184 1635 248 1692 sius
271 1633 418 1709 praesidio
442 1633 527 1693 firmo
551 1635 681 1694 munitus
701 1633 816 1710 primus
837 1633 952 1695 iniussu
974 1631 1076 1712 populi
1089 1649 1138 1692 vo·

151 1729 166 1779 7
184 1714 295 1776 iurante
311 1724 428 1794 patrum
445 1717 585 1794 regnarit.
613 1717 686 1776 inci
702 1715 789 1778 liberi
806 1717 865 1776 iarn
882 1723 944 1777 tum
968 1717 1139 1795 conprensis

188 1796 310 1860 sceleris
332 1800 491 1870 ministris,
513 1808 546 1860 ut
568 1803 665 1862 uivere
686 1817 789 1878 regem
812 1807 841 1861 et
865 1808 959 1861 tantas
983 1818 1048 1862 esse
1068 1817 1140 1878 opes

188 1883 271 1943 Servi
286 1885 450 1944 nuntiatum
466 1890 524 1954 est,
540 1883 677 1946 Suessam
692 1883 853 1944 Pometiam
871 1882 1017 1944 exulatum
1034 1885 1138 1945 ierant.

153 1981 166 2033 1
246 1965 331 2027 XLll.
364 1966 425 2029 Nec
445 1968 504 2028 iam
521 1967 648 2047 publicis
662 1969 755 2046 magis
770 1966 902 2028 consiliis
917 1967 1036 2028 Servius
1052 1983 1140 2044 quam

70 2107 72 2114 .
184 2050 305 2129 privatis
322 2051 439 2112 munire
458 2069 545 2129 opes,
568 2059 666 2122 etue,
683 2050 777 2130 qualis
790 2051 865 2112 dnci
881 2049 1009 2113 liberum
1026 2053 1139 2112 animus

184 2133 324 2194 adversus
347 2134 540 2212 Tarquinium
560 2135 675 2206 fuerat,
698 2134 764 2196 talis
786 2134 926 2196 adversus
944 2153 976 2195 se
996 2134 1139 2211 Tarquini

184 2215 312 2278 liberum
328 2224 414 2287 esset,
431 2218 504 2280 duas
517 2216 593 2279 filias
608 2218 763 2280 iuvenibus
778 2220 869 2296 regiis
884 2218 976 2279 Lucio
988 2225 1074 2295 atque
1085 2217 1139 2278 dr·

150 2301 264 2364 aranti
285 2300 454 2377 Tarquiniis
474 2302 578 2379 iungit
611 2319 667 2362 nec
687 2303 768 2381 rupit
790 2308 889 2363 tamen
909 2301 960 2362 lati
981 2301 1139 2362 necessita·

182 2391 243 2446 tem
258 2383 394 2460 humanis
411 2384 550 2454 consiliIs,
577 2386 648 2462 quin
663 2387 772 2446 invidia
786 2386 976 2464 regnietiam
992 2387 1069 2446 inter
1086 2382 1138 2445 do-

183 2469 321 2530 mesticos
336 2467 425 2528 infida
442 2470 539 2529 omnia
558 2476 645 2546 atque
660 2469 765 2530 infesta
779 2470 899 2530 iaceret
916 2475 1138 2547 peropportune

183 2549 220 2610 ad
236 2550 401 2628 praesentis
412 2553 542 2630 quietem
553 2561 644 2614 status
654 2551 765 2614 bellum
777 2570 843 2614 cum
856 2551 1026 2614 Veientibus
1035 2585 1070 2596 -
1080 2553 1138 2612 iam

149 2651 165 2704 ³
184 2635 262 2694 enim
277 2634 407 2695 indutiae
429 2637 613 2696 exierant-
632 2634 757 2713 aliisque
772 2635 904 2697 Etruscis
919 2642 1076 2714 sumptum.
1107 2637 1138 2695 in

183 2735 218 2778 eo
233 2716 311 2778 ballo
329 2724 358 2779 et
372 2719 463 2778 virtus
478 2726 507 2779 at
524 2719 641 2779 iortuna
659 2721 763 2781 enituit
778 2716 870 2788 Tulli;
886 2717 1011 2796 fusoque
1025 2718 1137 2796 ingenti

182 2799 310 2860 hostium
332 2802 463 2862 exercitu
477 2801 555 2862 haud
572 2801 679 2864 dubius
694 2820 756 2873 rex,
777 2820 830 2866 seu
843 2807 961 2881 patrum
974 2818 1027 2864 seu
1041 2799 1136 2880 plebis

158 2945 161 2948 ,
182 2883 296 2944 animos
309 2883 535 2962 periclitaretur,
550 2883 674 2945 llomam
688 2886 785 2947 rediit.

148 2981 164 3029 a
244 2965 481 3044 Adgrediturque
495 2967 565 3028 inde
575 2967 612 3028 ad
625 2970 707 3047 pacis
722 2968 810 3046 longe
824 2971 983 3030 maximum
999 2987 1083 3048 opus,
1094 2976 1136 3040 ut,

167 3081 168 3084 ¹
182 3066 270 3126 quem
286 3049 323 3110 ad
338 3049 458 3110 modum
472 3049 566 3111 Numa
581 3051 672 3112 divini
683 3060 785 3114 auctor
800 3053 874 3114 iuris
888 3052 1000 3124 luisset,
1014 3056 1054 3113 ita
1068 3051 1137 3113 Ser·

181 3135 260 3194 rium
282 3133 467 3195 conditorem
487 3136 583 3195 omnis
604 3136 635 3195 in
658 3137 771 3197 civitate
790 3136 969 3198 discriminis
985 3137 1137 3198 ordinum-

181 3232 254 3292 que,
275 3215 382 3295 quihus
407 3217 485 3280 inter
508 3218 618 3295 gradus
639 3219 787 3297 dignitatis
807 3220 1003 3297 fortunaeque
1026 3217 1135 3296 aliquid

146 3303 162 3352 5
179 3299 350 3371 interlucet,
372 3303 485 3378 posteri
505 3300 582 3362 fama
602 3300 724 3364 icrrent.
762 3321 883 3364 censum
905 3303 983 3364 enim
1003 3303 1135 3372 instituit,

180 3399 243 3442 rem
259 3381 484 3446 saluberrimam
503 3391 583 3445 tanto
600 3385 699 3447 futuro
713 3387 856 3465 imperio,
874 3405 909 3448 ex
928 3403 986 3463 quo
1000 3385 1073 3447 belli
1085 3403 1136 3464 pa·

179 3465 281 3544 cisque
302 3467 401 3526 munia
424 3485 484 3528 non
505 3468 613 3527 uiritim
630 3477 661 3530 ut
683 3477 765 3540 ante,
788 3470 841 3530 sed
857 3487 913 3548 pro
928 3468 1031 3530 habitu
1045 3486 1136 3548 pecn-
