2572 3956
212 183 252 244 50
359 197 456 238 trouu
471 197 492 237 1.
520 196 589 238 car.
605 185 646 241 rt.
663 187 705 242 48.
732 178 772 255 [a.
787 197 817 235 u.
833 196 858 235 c.
876 175 1013 254 ιιι-ιιι]

212 343 336 406 clinasse
360 348 391 406 in
414 345 562 424 primores
583 345 721 413 civitatis;
740 344 900 404 instituisse
916 359 1052 412 censum,
1075 351 1108 404 ut
1121 345 1169 406 in·

211 430 302 506 signis
317 429 353 489 ad
373 428 512 488 invidiam
527 427 756 506 locupletiorum
773 427 889 487 fortuna
905 432 997 494 esset,
1022 433 1051 486 et
1066 435 1169 506 parata
1279 507 1280 520 χ

211 512 300 582 unde,
316 511 367 572 ubi
385 509 481 580 vellet,
499 512 694 588 egentissimis
709 509 877 588 largiretur.

179 604 192 654 1
272 595 394 656 XLVHl.
426 595 502 656 Huic
525 595 650 654 orationi
666 595 785 654 Servius
805 611 873 653 cum
887 594 1094 657 intervenisset
1106 602 1168 656 tre·

211 679 281 759 pido
298 681 401 740 nuntio
418 680 573 748 excitatus,
590 676 736 756 extemplo
751 695 767 737 a
785 675 928 738 vestibulo
945 679 1046 738 curiae
1062 695 1168 756 magna

210 781 282 823 voce
296 761 387 840 ,‚quid
401 762 479 822 lroc“
494 763 598 839 inquit
616 761 795 838 „Tarquiui,
811 761 857 822 ιιι
872 761 933 821 esti
959 778 1015 838 qua
1033 769 1064 822 tu
1078 763 1167 823 auda·

211 848 256 906 cia
278 864 325 907 me
340 847 403 906 vivo
423 863 529 906 vocare
545 862 633 905 ausus
649 863 681 905 es
696 851 795 922 patres
810 851 859 904 aut
876 845 908 904 in
925 845 994 906 sede
1012 846 1168 907 considere
1279 873 1280 898 ι

176 952 193 1000 ²
210 930 313 990 mea?
327 947 394 989 cum
404 928 455 990 rlle
466 929 607 991 ferociter
617 929 655 989 ad
669 927 757 989 baec.
776 947 808 988 se
826 929 981 1006 patrissui
999 935 1102 990 tenere
1121 949 1167 990 se·

211 1013 288 1082 dem,
300 1010 391 1074 multo
408 1029 495 1089 quam
507 1030 624 1073 serrum
640 1013 796 1091 potiorem,
813 1011 905 1072 lilium
917 1013 1005 1090 regis,
1019 1030 1104 1090 regni
1095 1013 1168 1074 be·

210 1095 322 1165 rudem,
337 1097 407 1156 satis
424 1094 507 1156 illum
524 1095 574 1156 diu
590 1114 645 1174 per
659 1095 808 1157 licentiam
827 1094 993 1156 eludentem
1011 1095 1168 1158 insultasse

211 1178 355 1248 dominis;
378 1178 490 1239 clamor
511 1178 547 1239 ab
570 1181 723 1258 utriusque
740 1177 904 1238 fautoribus
921 1180 1040 1248 oritur,
1053 1188 1083 1240 et
1097 1197 1168 1239 con-

212 1279 316 1324 cursus
332 1262 435 1342 populi
447 1261 559 1324 fiebat
550 1280 581 1322 ιιι
598 1263 725 1332 curiam,
743 1261 963 1340 apparebatque
976 1269 1167 1340 regnaturum
1279 1299 1280 1328 ;

179 1357 195 1410 3
213 1347 264 1424 qui
283 1347 407 1408 vicisset.
442 1353 503 1406 tum
520 1346 713 1424 Tarquinius,
730 1347 906 1407 necessitate
926 1347 985 1406 iam
1000 1347 1088 1406 etiam
1103 1347 1167 1424 ipsa

211 1437 335 1506 cogente
350 1429 451 1490 ultima
467 1429 592 1498 audere,
609 1427 700 1489 multo
718 1437 746 1491 et
760 1435 853 1490 aetate
869 1436 898 1490 et
915 1427 1026 1490 viribus
1043 1429 1168 1490 validior

210 1511 340 1572 medium
355 1513 462 1590 arripit
476 1512 620 1580 Serrium,
637 1512 803 1591 elatumque
819 1532 835 1574 e
851 1515 933 1573 curia
948 1513 979 1571 ιιι
993 1513 1167 1574 inferiorem

210 1601 325 1673 partem
345 1613 400 1673 per
420 1595 529 1673 gradm
555 1595 676 1664 deiecit;
698 1596 767 1657 inde
792 1596 829 1656 acl
843 1595 1009 1673 cogendum
1033 1602 1167 1658 senatum

175 1680 241 1742 ιιιι
258 1680 371 1739 curiam
389 1679 486 1740 rediit.
508 1679 540 1740 ut
561 1679 629 1757 luga
651 1681 730 1756 regis
751 1680 953 1758 apparitorum
969 1687 1057 1757 atque
1075 1679 1166 1740 comi·

210 1768 281 1823 tum.
309 1762 374 1840 ipse
391 1780 487 1842 prope
509 1764 665 1840 exsanguis
682 1761 763 1844 [cum
780 1763 959 1824 semianimis
973 1764 1057 1840 regio
1074 1763 1166 1823 comi·

208 1851 270 1906 tatu
290 1845 408 1906 domum
426 1865 457 1908 se
474 1847 624 1924 reciperet
644 1847 884 1925 pervenissetque
900 1847 936 1906 ad
951 1863 1098 1906 summum
1113 1846 1167 1924 Cy·
1279 1855 1280 1920 J

210 1930 308 2008 prium
323 1929 433 2012 vicum]
456 1929 492 1990 ab
514 1931 568 1999 iis,
591 1931 641 2008 quui
664 1931 746 1990 missi
768 1926 805 1990 ab
821 1929 981 2007 Tarquinio
1004 1929 1166 2006 lugientem
1279 1925 1280 1936 ’

176 2026 192 2078 5
211 2015 361 2073 consecuti
378 2020 471 2083 erant,
488 2013 673 2074 interficitur.
706 2013 846 2082 creditur,
864 2014 1006 2090 quianon
1024 2011 1167 2073 abhorret

210 2103 342 2156 acetero
364 2095 495 2166 scelere,
518 2096 667 2157 admonitu
682 2095 795 2156 Tulliae
819 2096 849 2156 ld
868 2096 986 2156 lactum.
1024 2102 1165 2174 carpento

211 2185 307 2249 certe,
329 2179 359 2239 id
381 2179 460 2256 quod
482 2181 552 2240 satis
567 2186 696 2249 constat,
719 2181 750 2240 in
767 2181 865 2240 lorum
881 2180 994 2240 invecta
1009 2197 1065 2240 nec
1081 2195 1165 2240 reuc-

209 2262 265 2320 rita
285 2269 401 2322 coetum
421 2265 551 2321 virorum
574 2264 703 2322 euocauit
725 2265 820 2322 vimm
845 2265 978 2332 ecuria,
1004 2279 1166 2340 regemque

176 2346 304 2423 oprimu
327 2343 492 2424 appellavit.
521 2364 537 2404 a
557 2362 615 2422 quo
630 2346 776 2407 lacessere
795 2347 873 2408 iussa
892 2353 1021 2407 extante
1039 2344 1164 2406 tumultu

210 2445 277 2487 cum
298 2446 330 2489 se
356 2428 476 2489 domum
499 2429 663 2506 reciperet,
689 2431 930 2507 pervenissetque
957 2429 993 2488 ad
1017 2445 1164 2490 summum

210 2511 349 2590 Cyprium
363 2513 469 2582 vicum,
486 2510 538 2571 ubi
553 2511 687 2572 Dianium
706 2530 801 2590 nuper
816 2513 880 2582 fuit,
897 2511 1025 2573 flectenti
1039 2529 1163 2590 carpen-

209 2601 270 2654 tum
284 2594 385 2655 dextra
405 2597 437 2656 in
453 2595 577 2657 Urbium
593 2595 715 2666 clivum,
739 2603 772 2656 ut
786 2597 817 2655 in
832 2595 939 2656 collem
954 2594 1164 2672 Esquiliarium

211 2676 400 2748 eveheretur,
421 2680 528 2738 restitit
551 2678 672 2756 pavidus
694 2686 781 2755 atque
800 2677 929 2739 inhibuit
941 2679 1042 2739 frenos
1063 2679 1089 2738 is
1112 2677 1164 2754 qut

209 2761 339 2820 iumenta
362 2759 481 2837 agebat,
503 2763 706 2840 iacentemque
730 2762 866 2823 dominae
884 2761 1016 2823 Serrium
1034 2760 1163 2820 trucida-

177 2849 271 2900 7tum
296 2843 430 2904 ostendit.
462 2844 581 2904 foedum
602 2845 854 2922 inlrmnanumque
875 2846 944 2908 inde
959 2844 1082 2906 traditur
1098 2863 1163 2906 sce·

209 2923 256 2983 lus
277 2933 526 3004 monumentoque
545 2927 628 2988 locus
652 2935 709 2989 est:
734 2928 915 2990 Sceleratum
936 2932 1031 2990 vicum
1048 2935 1159 2996 vocant

210 3023 268 3084 quo
293 3025 394 3068 amens
416 3009 592 3087 agitantibus
611 3012 695 3072 iuriis
716 3012 827 3074 sororis
848 3031 882 3072 ac
907 3015 961 3074 viri
987 3011 1100 3074 Tullia
1107 3029 1162 3090 per

210 3098 259 3171 pat
260 3092 301 3152 ris
316 3109 423 3170 corpus
440 3103 613 3173 carpentum
628 3097 722 3173 egisse
735 3096 838 3166 fertur,
852 3103 1026 3174 partemque
1044 3095 1160 3195 sangui·

209 3174 256 3235 nis
270 3193 304 3234 ac
322 3176 419 3236 caedis
440 3185 580 3254 paternae
594 3188 717 3240 cruento
735 3178 869 3240 vehiculo
887 3181 1081 3241 contaminata
1098 3180 1160 3257 ipsa

209 3275 405 3336 respersaque
415 3259 517 3322 tulisse
528 3262 564 3322 ad
575 3271 697 3339 penates
707 3281 776 3324 suos
792 3280 907 3342 urique
917 3281 971 3336 sur
984 3262 1111 3341 qurbus
1102 3279 1161 3322 rra

209 3341 247 3400 tis
264 3339 339 3400 malo
354 3345 439 3419 regni
454 3345 600 3422 principio
615 3346 725 3408 similes
741 3365 836 3426 prope
852 3348 930 3410 diem
949 3349 1042 3410 exitus
1056 3363 1160 3425 seque·

208 3428 374 3484 rentur.-
391 3426 509 3487 Servius
531 3427 644 3490 Tullius
663 3432 797 3510 regnavit
816 3449 909 3493 annos
929 3432 981 3492 llll
1004 3439 1032 3492 et
1047 3429 1098 3491 xt
1110 3431 1160 3497 lta
