2572 3956
234 211 294 274 126
398 225 494 268 urens
506 226 555 268 1n.
579 225 650 270 osa.
666 221 691 273 1.
703 219 730 272 u.
753 208 792 291 [a.
805 233 834 272 u,
849 232 876 273 ο,
891 215 1019 294 rel-289]

233 371 332 433 oceidit,
345 386 402 422 oum
413 371 484 426 ellter
496 373 562 424 effici
580 388 632 426 non
648 386 750 443 posset,
767 392 799 428 oe
811 380 837 430 ln
853 386 1005 444 potestatem
1016 387 1132 446 stuprum
1145 380 1186 431 in-

232 438 304 488 laturi
322 439 428 490 veniret.
456 439 505 491 boc
516 449 568 490 tem
584 453 691 506 magnae
707 443 821 494 lnxndae
839 445 955 512 exemplo
971 446 1044 510 plebs
1061 450 1186 498 concitata

231 513 342 555 montem
352 505 505 557 Aventinum
517 509 649 573 occupavit
660 511 790 576 coegitque
798 511 952 562 decemviros
963 513 1080 562 abdicere
1091 529 1120 564 oe
1129 529 1185 564 nra·

231 573 347 636 menate.
371 573 507 636 exquibus
518 574 631 639 Appius,
650 577 693 639 qui
703 578 866 644 praecipuam
881 593 990 645 poenam
1001 589 1138 640 meruerat,
1157 580 1186 631 in

104 679 109 688 .
230 651 355 688 carcerem
367 639 495 691 coniectos
508 648 560 699 est;
577 643 653 692 ceteri
669 643 695 692 in
708 643 811 694 exilium
821 645 880 695 acti.
901 660 943 697 res
956 654 1087 711 premmae
1097 657 1186 698 onoma

231 704 341 756 Sabinos
358 706 503 756 etVulscoa
520 721 647 772 prospera
657 719 742 772 gestas
760 711 884 772 eontinet,
903 721 928 762 ct
943 727 1034 778 parum
1048 713 1185 764 honestum

229 773 317 837 populi
328 773 435 822 Romani
446 771 580 834 iudicium,
593 775 636 836 qni
647 774 726 826 iudex
736 776 802 827 iuter
813 777 937 829 Ardeaoes
950 788 974 830 et
984 779 1101 831 Aricinos
1112 795 1182 832 anm·

132 847 135 854 '
229 847 288 903 ptus
300 853 401 902 agrum,
416 838 449 886 de
461 853 511 902 qno
523 839 711 921 ambigebatur,
723 843 772 892 sibi
783 844 946 896 adiudicarit.

349 1054 424 1117 1111
441 1059 514 1120 LlVl
528 1058 576 1120 ΑΒ
592 1060 692 1122 URBE
710 1059 871 1124 CONDITA
887 1063 999 1126 LIBER
1014 1061 1063 1126 111.

196 1233 208 1282 1
290 1214 311 1276 l.
343 1215 430 1280 Antio
441 1177 538 1296 'capto
553 1216 637 1278 'litus
651 1211 793 1276 Aemilius
816 1219 846 1274 et
861 1210 895 1282 Q.
910 1212 1021 1277 Fabius
1042 1218 1183 1281 consules
1217 1266 1228 1281 .

227 1299 310 1360 fiunt.
340 1298 391 1360 hic
413 1306 476 1360 erat
495 1298 605 1361 Fabius
624 1295 824 1380 [Quinctios],
845 1297 896 1375 qui
918 1313 996 1359 unus
1019 1301 1182 1364 exstinctae

193 1383 264 1445 ned
284 1381 454 1444 Cremeram
478 1384 559 1460 genti
585 1381 783 1462 superfuerat.
816 1381 876 1442 iarn
904 1381 1006 1460 priore
1025 1383 1183 1446 consulatu

226 1464 367 1526 Aemilius
389 1465 485 1526 dandi-
498 1466 562 1543 agri
578 1465 660 1544 plebi
675 1464 773 1526 iuerat
788 1471 903 1526 auctor.
932 1466 1032 1545 itaque
1048 1468 1182 1530 sacrmdo

226 1566 344 1626 quoque
357 1547 512 1610 consulatu
528 1549 592 1611 eius
609 1555 639 1610 et
653 1548 764 1626 agrarii
776 1565 811 1610 se
831 1549 863 1608 in
878 1565 963 1628 spem
983 1547 1059 1628 legis
1077 1569 1181 1613 erexe-

225 1638 307 1702 rant,
335 1637 366 1693 et
393 1631 508 1692 tribuni
528 1650 593 1693 rem
614 1640 717 1693 contra
738 1629 876 1694 consules
895 1650 986 1711 saepe
1007 1639 1182 1714 temptatam

225 1714 360 1776 adiutore
370 1717 473 1794 utique
495 1715 616 1778 consule
631 1715 761 1776 obtineri
776 1733 864 1794 posse
877 1717 935 1776 rati
950 1717 1132 1797 suscipiunt,
1151 1725 1182 1780 et

191 1797 330 1864 sconsul
351 1797 490 1860 manebat
509 1800 541 1860 in
563 1801 710 1862 sententia
731 1817 794 1860 sue.
823 1816 1012 1878 possessores
1027 1806 1059 1862 et
1073 1819 1181 1880 magne

224 1899 295 1963 pars
323 1888 457 1962 petrum,
490 1881 656 1944 tribuniciis
679 1901 712 1945 se
737 1884 848 1944 iactare
874 1882 1040 1946 actionibus
1067 1887 1180 1964 princi-

224 1985 293 2046 pem
315 1967 438 2029 civitatis
454 1972 484 2028 et
498 1966 652 2044 largiendo
669 1968 707 2029 do
723 1965 820 2028 alieno
834 1966 1009 2047 popularem
1025 1968 1092 2031 lieri
1106 1987 1179 2048 que·
1278 1979 1279 2058 l

223 2057 340 2121 rentes,
356 2052 446 2111 totins
462 2051 602 2112 invidiam
615 2051 662 2112 rei
674 2068 692 2111 a
702 2049 831 2112 trihunis
847 2051 879 2110 in
894 2050 1047 2114 consulem
1065 2060 1179 2114 averte·
1278 2069 1279 2082 ¹

189 2141 299 2194 erant.
334 2140 419 2194 atrox
439 2141 590 2195 certamen
612 2135 728 2204 aderat,
748 2137 782 2195 ni
804 2133 914 2195 Fabius
934 2134 1058 2197 consilio
1078 2139 1180 2198 neutri

223 2219 302 2297 parti
316 2217 425 2278 acerbo
445 2231 510 2278 rem
525 2217 701 2297 expedisset.
730 2218 765 2279 T.
782 2215 902 2287 Quincti
923 2218 1014 2280 ductu
1034 2226 1064 2281 et
1078 2221 1178 2299 auspi·
1278 2279 1279 2284 ,

189 2311 206 2362 o
225 2301 271 2361 cio
287 2301 351 2379 agri
365 2301 442 2378 capti
458 2301 560 2379 priore
577 2319 654 2362 anno
670 2301 851 2380 aliquantum
864 2319 881 2362 a
892 2301 1006 2364 Vulsois
1022 2321 1102 2372 esse;
1117 2303 1178 2364 An-

223 2386 313 2454 tium,
328 2385 536 2463 propinquam,
551 2391 750 2465 opportunam
764 2391 793 2447 et
803 2385 982 2448 maritimam
996 2386 1111 2458 urbem,
1126 2405 1177 2448 oo·
1278 2418 1279 2439 .

222 2467 333 2529 loniam
347 2467 455 2530 deduci
470 2487 575 2548 posse:
596 2471 637 2530 ita
654 2471 720 2530 sine
735 2467 875 2548 querellis
891 2487 1097 2548 possessorum
1112 2469 1178 2550 ple·

222 2551 290 2613 bem
304 2554 336 2612 in
352 2569 439 2630 agros
455 2555 580 2624 ituram,
604 2554 751 2614 civitatem
771 2554 803 2612 in
818 2553 977 2614 concordia
997 2553 1072 2616 lore.
1101 2553 1178 2614 haec

188 2636 368 2697 tsententia
395 2641 518 2715 accepte
544 2643 596 2697 est.
631 2637 800 2698 triumviros
827 2653 899 2714 agro
921 2636 1018 2698 dando
1039 2644 1121 2698 creat
1141 2637 1176 2698 Τ.

222 2717 393 2789 Quinctium
411 2719 445 2780 Α.
460 2720 633 2797 Verginium
651 2721 684 2781 P.
700 2720 832 2780 Furium.
867 2721 940 2782 iussi
961 2723 1082 2782 nomine
1104 2721 1178 2782 dere

189 2814 203 2862 7
222 2805 272 2882 qui
285 2819 389 2881 agrum
403 2805 540 2882 accipere
555 2802 672 2864 vellent.
702 2804 774 2865 iecit
787 2805 901 2875 statim,
917 2810 951 2864 ut
965 2805 1010 2873 lit,
1025 2803 1177 2865 iesddium

222 2888 320 2964 copia,
343 2885 476 2965 adeoque
496 2888 585 2966 pauci
604 2888 725 2949 nomina
741 2885 866 2957 dedere,
895 2893 929 2948 ut
943 2888 981 2948 ad
998 2885 1176 2966 explendum
1277 2908 1278 2927 ¹

221 2987 378 3030 numerum
395 2969 494 3032 coloni
504 2969 603 3032 Vulsci
617 2971 812 3032 adderentur:
830 2976 929 3032 cetere
946 2969 1104 3032 multitudo
1121 2989 1176 3050 po·

186 3061 203 3113 8
220 3071 305 3116 scere
321 3053 432 3116 Romae
448 3072 553 3133 agrum
572 3053 660 3116 malle
680 3072 769 3132 quam
788 3053 859 3115 alibi
876 3056 1022 3134 accipere.
1051 3055 1177 3134 loquio

220 3135 408 3207 (111110-
426 3141 452 3200 is
470 3157 505 3200 eo
520 3155 588 3198 cum
603 3140 736 3201 exercitu
749 3145 871 3200 venerat
883 3171 919 3182 -
933 3155 1038 3216 pacem
1050 3140 1175 3218 petiere,

220 3223 397 3301 inritamque
414 3241 478 3284 earn
495 3223 553 3302 ipsi
571 3221 669 3283 subita
683 3221 855 3283 incursione
870 3222 901 3282 in
917 3238 1022 3300 agrum
1036 3222 1174 3283 Lctinunr

219 3303 327 3368 iecere.
647 3315 650 3318 “
1164 3327 1169 3332 ·

188 3399 200 3451 ι
281 3387 317 3448 ll.
347 3386 473 3458 Quintus
485 3388 626 3450 Servilius
637 3389 807 3469 insequenti
820 3407 898 3451 enno
916 3423 951 3436 ·-
969 3390 996 3450 ls
1011 3389 1090 3451 enim
1105 3405 1175 3450 cum

219 3469 270 3549 Sp.
285 3471 436 3532 Postumio
457 3471 561 3532 consul
581 3474 637 3534 luit
656 3505 690 3518 -
709 3475 741 3536 in
757 3473 876 3553 Aequos
893 3473 1002 3536 missus
1023 3473 1054 3535 in
1068 3469 1175 3534 Latino
