2572 3956
220 212 281 275 130
392 226 489 268 urana
503 226 552 268 111.
575 225 645 268 car.
660 217 686 271 5.
713 205 755 288 [a.
769 228 800 267 u.
818 229 845 267 c.
863 217 922 272 290.
935 207 998 283 291]

185 385 202 436 2
220 373 334 444 omnia,
350 373 483 453 adgressi
493 381 575 436 sunt:
592 373 680 438 simul
693 381 789 436 castra
805 372 1071 452 oppugnabantur,
1085 371 1178 435 simrd

218 475 289 538 pars
315 460 462 519 exercitus
484 458 521 519 ad
545 457 749 538 populandum
771 475 877 536 agrum
899 457 1066 518 Romanum
1085 458 1177 518 missa

113 588 116 590 -
185 552 202 605 ³
219 539 384 620 urbemque
397 543 507 620 ipsam,
532 544 558 602 si
579 560 637 620 qua
650 542 769 602 fortuna
785 541 883 610 daret,
903 541 1113 620 temptandam.
1140 540 1177 602 L.

218 623 353 685 Valerius
372 625 408 686 ad
423 625 605 704 praesidium
621 623 705 686 urbis
718 623 858 693 relictus,
883 623 988 686 consul
1006 625 1178 686 Postrunius

185 717 201 765 4
219 708 256 770 ad
276 709 419 770 arcendas
439 707 647 788 populationes
662 709 765 768 linium
780 709 898 768 missus.
919 707 1003 781 ‚nihil
1017 707 1178 770 remissum

218 790 254 852 ab
267 789 326 866 ulla
337 796 423 869 parte
433 808 523 852 curae
538 798 589 852 aut
602 789 730 851 laboris:
748 789 865 868 vigiliae
882 791 914 850 in
927 790 1017 861 urhe,
1033 791 1178 852 stationes

218 881 286 934 ante
301 881 403 952 portas
414 874 621 952 praesidiaque
636 875 668 934 in
682 873 776 934 muris
791 873 950 953 disposita,
966 882 1010 945 et,
1028 875 1108 953 quod
1123 891 1179 936 nc·

219 975 302 1018 cesse
319 962 384 1018 erat
398 958 430 1016 in
440 963 522 1018 tauto
534 956 678 1027 tumultu,
692 957 838 1026 iustitium
849 974 904 1036 per
915 957 1028 1036 aliquot
1038 959 1102 1020 dies
1112 976 1178 1019 ser·

184 1051 201 1101 o
218 1047 326 1100 vatum.
354 1039 477 1102 Interim
492 1041 641 1102 incastris
657 1039 765 1104 Furius
779 1038 883 1102 consul
894 1059 963 1102 cnm
978 1043 1076 1120 primo
1091 1041 1177 1120 qnie-

218 1129 266 1186 tus
285 1122 469 1186 obsidionem
486 1141 592 1203 passus
615 1130 708 1194 esset,
730 1125 761 1186 in
782 1125 935 1185 incautum
954 1124 1071 1186 hostem
1084 1124 1179 1185 decu·

217 1225 305 1270 mana
318 1213 405 1286 porta
420 1209 519 1286 erupit
533 1213 577 1278 et,
600 1226 668 1270 cum
682 1209 824 1286 persequi
843 1214 962 1286 posset,
982 1214 1065 1270 metu
1078 1206 1179 1270 subsi-

184 1298 206 1363 t,
219 1292 284 1358 stit.
298 1309 337 1352 ne
351 1309 409 1370 qua
421 1297 554 1370 exparte
566 1290 659 1354 altera
673 1293 704 1352 iu
716 1296 813 1354 castra
824 1292 867 1352 vis
878 1291 973 1354 tieret.
994 1285 1120 1352 Furium
1132 1290 1179 1352 le·

220 1381 321 1454 gatum
339 1407 374 1420 -
393 1375 486 1436 irater
500 1374 580 1436 idem
591 1370 724 1436 consum
734 1381 798 1436 erat
811 1407 846 1420 -
861 1373 979 1454 longius
992 1374 1097 1438 extulit
1107 1393 1178 1436 cur·
1284 1379 1285 1440 Ξ

219 1477 287 1528 sus,
308 1475 365 1520 nec
389 1475 459 1518 suos
480 1457 532 1519 ille
555 1459 716 1520 redeuntes
735 1459 935 1539 persequendi
958 1456 1056 1520 studio
1078 1476 1179 1536 neque

219 1542 350 1604 hostiurn
362 1539 398 1602 ab
410 1546 495 1618 tergo
506 1543 660 1603 inmersum
671 1540 750 1602 sidit
774 1543 815 1602 ita
828 1540 964 1604 exclusus
973 1541 1075 1604 multis
1086 1560 1201 1620 saepe*
1284 1549 1285 1622 Q

219 1625 331 1688 trustra
350 1623 507 1686 conatibus
527 1627 623 1706 captis
649 1633 682 1685 ut
702 1627 779 1688 viam
804 1623 862 1688 sibi
881 1627 920 1688 ad
937 1632 1034 1689 castra
1053 1627 1177 1696 laceret,

187 1711 329 1770 racriter
356 1709 499 1771 diunicans
526 1709 641 1770 cecidit.
675 1715 707 1770 et
725 1708 830 1772 consul
853 1711 959 1772 nuntio
982 1711 1179 1771 circumventi

219 1793 320 1854 fratris
331 1809 492 1854 conversus
508 1791 544 1854 ad
559 1809 703 1872 pugnarn,
722 1792 792 1854 dum
810 1812 843 1856 se
857 1800 969 1856 temere
982 1795 1076 1872 magis
1087 1809 1178 1872 quarn

218 1878 292 1938 satis
306 1881 391 1936 caute
413 1876 446 1936 in
468 1875 596 1936 mediam
617 1875 836 1940 dimicationem
857 1877 964 1948 lniert,
989 1877 1111 1938 vulnere
1126 1894 1178 1936 ac·
1284 1893 1285 1896 ¹

221 1965 308 2040 cepto
331 1976 420 2036 aegre
441 1957 477 2020 alr
502 1959 763 2022 circumstantibus
782 1967 903 2040 ereptus
926 1967 956 2022 et
969 1976 1092 2022 suorum
1112 1961 1177 2020 ani·

185 2053 204 2106 8
220 2061 285 2104 moe
300 2042 430 2104 turbavit
451 2048 481 2104 et
497 2043 659 2105 ferociores
675 2044 776 2106 hostes
795 2045 879 2113 lecim
903 2046 955 2123 qui
974 2044 1066 2106 caede
1085 2041 1178 2121 legati

221 2132 252 2188 et
265 2124 396 2188 consulis
411 2125 534 2188 vrdnerc
552 2127 669 2188 accensi
682 2126 763 2188 nulla
785 2127 892 2190 deinde
913 2127 1097 2192 uisustineri
1120 2143 1177 2204 po·
1284 2161 1285 2204 p

220 2217 322 2279 tuere,
344 2226 412 2270 cum
426 2208 562 2288 conpulsi
578 2211 610 2270 in
626 2215 722 2272 castra
735 2209 862 2272 Romani
877 2229 982 2280 trusus
1003 2209 1176 2274 obsideren-
1284 2215 1285 2226 ³

221 2298 271 2354 tur
285 2309 341 2354 nec
356 2310 409 2370 spe
423 2309 480 2353 nec
499 2291 611 2354 muns
626 2311 731 2372 pares,
753 2295 941 2374 uenissetque
956 2296 986 2356 in
1008 2291 1177 2373 periculmn
1284 2309 1285 2342 1

218 2393 338 2437 summa
350 2393 467 2447 rerum,
482 2377 514 2436 ni
529 2375 563 2438 T.
577 2373 731 2446 Quinctius
746 2380 912 2456 peregrinis
930 2379 1025 2460 copiis
1040 2396 1109 2440 cum
1118 2376 1176 2438 La·

187 2460 284 2522 atino
298 2459 487 2538 Hernicoque
511 2462 643 2522 exercitu
658 2459 850 2524 subvenisset.
880 2463 906 2524 is
929 2461 1060 2524 intentos
1078 2463 1110 2522 in
1125 2479 1176 2521 ca·
1284 2501 1285 2514 .

221 2549 283 2604 stra
296 2542 428 2624 Romana
441 2543 558 2622 Aequos
572 2543 721 2624 legatique
735 2552 825 2624 caput
836 2545 978 2611 ferociter
993 2550 1176 2607 ostentantes
1284 2523 1285 2588 Ῠ

222 2626 259 2687 ab
274 2631 358 2706 tergo
375 2627 512 2698 adortus,
527 2627 615 2689 simul
629 2629 666 2690 ad
679 2630 797 2706 signum
811 2647 828 2689 a
842 2647 875 2690 se
891 2627 997 2714 procul
1012 2627 1124 2692 editum
1138 2646 1175 2689 ex
1284 2645 1285 2658 ¹

222 2711 327 2771 castris
339 2711 495 2788 eruptione
506 2711 599 2780 lacta,
614 2711 961 2790 magnamvimhostium
971 2711 1175 2774 circumvenit
1284 2715 1285 2728 ¹

174 2803 205 2856 10
222 2794 319 2854 minor
341 2793 455 2862 caedis,
477 2793 548 2872 luga
571 2793 692 2856 effusior
713 2795 883 2873 Aequorum
903 2798 934 2858 in
954 2813 1025 2876 agro
1043 2795 1098 2856 luit
1114 2795 1176 2856 lio·
1284 2815 1285 2844 t

221 2893 319 2936 mano.
348 2878 380 2936 in
400 2893 476 2955 quos
496 2875 610 2955 palatos
630 2877 771 2958 praedam
792 2885 913 2957 agentes
931 2879 1098 2942 Postumius
1120 2877 1175 2939 ali·

222 2966 294 3038 quot
305 2957 396 3030 locis,
411 2957 519 3039 quibus
531 2967 698 3040 opportuna
713 2961 887 3041 inposuerat
899 2963 1064 3044 praesidia,
1079 2964 1174 3042 impe·

220 3049 284 3104 turn
308 3043 397 3105 dedit.
428 3043 461 3104 hi
480 3047 546 3122 vagi
566 3045 708 3124 dissipato
728 3047 845 3124 agmine
862 3046 1013 3126 lugientes
1031 3047 1063 3106 in
1082 3042 1175 3115 Quin·

222 3129 313 3190 etium
323 3128 466 3191 rictorem
480 3145 548 3189 curn
565 3130 666 3190 saucio
683 3129 805 3192 consule
819 3137 1019 3194 revertentem
1031 3129 1175 3190 incidere.

172 3215 203 3268 11
221 3218 285 3273 tum
305 3211 469 3272 consularis
486 3214 634 3274 exercitus
649 3213 767 3291 egregia
786 3231 884 3292 pugna
906 3212 1037 3275 consulis
1057 3211 1174 3283 aulnus,

220 3294 311 3372 legati
329 3300 359 3356 at
380 3293 549 3356 cohortium
563 3294 643 3358 ultus
663 3302 708 3358 est
730 3297 860 3360 caedem.
876 3331 912 3342 -
930 3297 1053 3376 Magnae
1074 3295 1175 3358 clades

173 3383 204 3435 12
221 3377 300 3438 ultro
315 3379 449 3456 citroque
469 3377 527 3440 illis
542 3377 646 3441 dicbus
661 3386 690 3442 ct
704 3377 812 3448 inlatae
827 3385 857 3442 et
876 3385 1025 3460 acceptae.
1054 3379 1175 3442 difficile
1284 3441 1285 3462 ἶ

222 3460 259 3522 ad
272 3461 361 3524 fidem
375 3463 465 3524 estin
479 3468 539 3522 tarn
558 3463 677 3542 antiqua
691 3482 740 3528 rc.
761 3471 834 3539 quot
848 3464 1044 3546 pugnaverint
1058 3463 1174 3524 cecide·
1284 3465 1285 3508 3
