2580 3954
230 183 291 246 156
327 196 430 237 'cassu
449 194 497 238 ιιι.
522 193 592 238 car.
604 187 648 241 31.
659 186 704 244 ιι.
716 187 758 243 33.
772 177 822 255 [a.
834 197 865 238 u.
879 197 905 238 c.
919 177 1141 258 301-303(3οι)]

195 357 212 408 8
229 350 297 407 rent
312 345 417 406 creari.
449 361 513 405 rem
527 361 590 405 non
602 343 836 424 aspernabantur
852 352 965 425 patres:
990 347 1127 408 daturum
1140 345 1196 409 lae

229 445 281 507 ges
300 429 451 490 neminem
471 429 529 490 nisi
551 447 586 490 ex
604 427 737 506 patribus
761 429 886 490 aiebant.
920 447 988 490 eum
1009 430 1045 491 de
1065 429 1190 508 legibue

153 561 157 568 .
229 513 416 581 eonvenbet,
449 510 602 575 delatore
627 518 739 574 tantum
766 513 961 592 discreparet,
988 516 1070 576 missi
1094 513 1187 591 legati

227 595 356 657 Athenas
381 596 506 673 Spurius
531 595 698 656 Postumius
723 595 814 658 Albus
837 596 871 657 A.
886 595 1013 659 Manlius
1036 597 1069 659 Ρ.
1086 595 1189 676 Sulpi·

228 681 292 740 eius
318 679 507 748 Camerinus,
535 679 667 756 iussique
690 678 807 741 inclitas
830 678 912 758 leges
931 680 1048 742 Solonis
1070 680 1187 742 descri-

227 761 300 824 bere
315 768 344 824 et
364 761 488 822 aliarum
506 763 647 824 Graeciae
658 764 822 824 civitatium
836 765 967 826 instituta
987 782 1087 826 mores
1103 765 1188 824 iura·

228 862 286 923 que
301 861 436 907 noscere.

195 947 207 996 1
289 927 404 989 XXXII.
432 928 622 990 lusitanis
644 927 731 991 bellis
754 905 985 1008 quietnsannus
1005 931 1075 1002 tuit,
1101 933 1187 1009 quie-

226 1014 285 1074 tior
304 1027 465 1089 msequens
484 1013 517 1073 P
539 1013 668 1074 Curiatio
690 1020 720 1074 et
742 1013 808 1076 Sex.
833 1012 992 1085 Quinctilio
1013 1013 1190 1076 consulibus

227 1085 371 1174 perpetuo
388 1094 504 1156 silentio
520 1094 716 1165 tribunorum,
732 1099 810 1196 quod
824 1100 921 1178 primo
935 1097 1117 1177 legatorum,
1131 1100 1186 1175 qui

228 1177 659 1258 inconstantiamque
675 1183 909 1268 peregrinarum
917 1183 1080 1261 expectatio
1096 1199 1186 1259 prae-

193 1271 210 1318 a
227 1262 299 1334 buit,
315 1263 384 1325 dein
401 1263 459 1324 diro
475 1263 563 1326 sirnul
578 1263 655 1324 mala
671 1265 802 1342 ingentla
815 1259 925 1335 exorta,
941 1266 1034 1326 tames
1044 1263 1185 1343 pestilen-

226 1348 326 1424 tiaque
342 1347 427 1408 foeda
444 1346 568 1417 homini,
584 1347 669 1408 foeda
683 1350 795 1426 pecori.
823 1351 926 1410 vastati
940 1349 1004 1426 agri
1019 1354 1095 1417 sunt,
1112 1346 1186 1408 urbs

228 1430 358 1492 adsiduis
380 1429 520 1492 exhausta
544 1429 715 1499 funeribus;
741 1430 850 1494 multae
871 1438 900 1493 et
920 1431 1018 1493 clarae
1044 1429 1186 1508 lugubres

193 1523 210 1575 3
229 1512 347 1574 domus:
364 1513 472 1574 llamen
486 1511 646 1584 Quirinalis
660 1515 780 1576 Servius
795 1513 948 1577 Corndius
962 1521 1111 1583 mortuus,
1133 1532 1185 1574 au·

228 1613 284 1674 gur
309 1597 339 1658 C.
362 1597 502 1658 Horatius
523 1595 679 1666 Pulvillus;
705 1599 737 1657 in
763 1599 847 1660 cuius
866 1598 965 1659 locum
986 1598 1017 1660 C.
1032 1598 1185 1659 VeturIum

229 1698 264 1742 eo
280 1679 432 1759 cupidius,
449 1681 517 1757 q11ia
534 1679 688 1742 damnatus
704 1699 721 1741 a
737 1679 827 1760 plebe
844 1689 916 1752 erat,
932 1698 1059 1758 augures
1074 1680 1184 1757 legere.
1250 1708 1261 1731 ι

193 1770 362 1826 emortuus
378 1763 483 1826 consul
502 1760 691 1835 Quinctilius,
707 1771 845 1841 quattuor
858 1764 971 1827 tribum
983 1763 1074 1843 plebi.
1108 1762 1186 1824 mul·
1274 1811 1275 1814 ,

193 1857 210 1906 5
228 1846 321 1924 tiplioi
335 1846 418 1909 clade
432 1847 566 1910 foedatus
580 1865 689 1909 annus:
712 1847 748 1909 ab
764 1847 850 1910 hoste
866 1850 958 1910 otium
976 1848 1039 1908 fult.
1060 1881 1095 1892 -
1114 1847 1185 1908 lnde
1270 1855 1275 1882 “

228 1930 365 1993 consules
386 1931 417 1993 C.
435 1931 590 1995 Menenius
610 1931 642 1992 P.
668 1932 780 1994 Sestius
802 1931 992 2011 Cantolinus.
1029 1947 1127 2008 neque
1149 1948 1185 1991 eo

194 2023 305 2075 canno
328 2017 486 2093 quicquam
506 2014 577 2076 belli
592 2017 707 2076 externi
722 2016 789 2076 ferit:
811 2016 892 2077 domi
917 2021 1014 2076 motus
1029 2016 1095 2074 orti.
1127 2015 1185 2074 iam

228 2098 379 2172 redierapt
399 2098 488 2178 legati
513 2115 580 2159 cum
602 2099 705 2159 Atticis
726 2097 851 2177 legibus.
885 2117 921 2160 eo
937 2099 1079 2160 intentius
1094 2099 1184 2158 insta·
1274 2099 1275 2108 ³

228 2179 300 2241 bant
313 2181 434 2252 tribuni,
445 2190 478 2243 ut
487 2182 607 2242 undem
617 2181 843 2244 scribendarum
853 2181 952 2260 logum
963 2183 1080 2242 initium
1090 2181 1183 2242 tieret.

227 2262 324 2343 placet
343 2267 442 2325 creari
463 2265 646 2326 decemviros
668 2267 732 2328 sine
754 2268 978 2345 provocatione,
1007 2272 1035 2327 et
1056 2281 1095 2326 ne
1119 2266 1185 2340 quis

194 2366 209 2412 7
229 2366 264 2409 eo
282 2364 360 2409 anno
376 2347 450 2410 alius
465 2351 652 2426 magistratus
672 2358 757 2412 esset.
785 2349 1059 2410 admiscerenturne
1076 2347 1184 2426 plebei,

229 2434 430 2494 controversia
452 2432 633 2510 aliquamdiu
649 2433 717 2503 tuin
739 2439 890 2512 postremo
906 2448 1081 2493 concessum
1094 2431 1184 2509 patri-

228 2513 300 2586 bus,
322 2515 410 2577 modo
426 2535 464 2578 ne
478 2515 528 2578 lex
541 2515 621 2578 Icilia
636 2516 672 2578 de
687 2517 830 2578 Aventino
845 2515 980 2592 aliaeque
996 2519 1128 2576 sacratae
1143 2513 1185 2574 le·

228 2616 280 2676 ges
294 2598 519 2677 abrogarentur

196 2713 209 2763 1
290 2682 419 2744 XXXIII
472 2685 556 2744 Anno
584 2685 791 2746 trecentesimo
823 2681 916 2744 altero
948 2698 1037 2759 quam
1069 2681 1185 2742 condita

227 2765 321 2826 Roma
343 2772 406 2828 erat
426 2768 534 2828 iterum
554 2773 683 2828 mutatur
705 2767 800 2826 forma
819 2766 942 2827 civitatis
956 2763 993 2826 ab
1014 2762 1185 2824 oonsulibus

228 2848 265 2910 ad
281 2849 584 2927 recommemorent
601 2850 772 2912 admodum
787 2848 823 2910 ab
838 2848 960 2926 regibus
977 2856 1045 2910 ante
1061 2847 1099 2908 ad
1114 2865 1182 2908 con·

193 2949 210 2996 2
227 2931 307 2993 sules
320 2940 448 3005 venerat,
465 2933 606 2996 translato
621 2934 757 3012 imperio.
780 2935 879 2994 ndnus
892 2934 1026 3011 insignis,
1044 2933 1184 3009 quianon
1274 2963 1275 2980 ι

228 3015 383 3088 diuturna,
403 3019 525 3078 mutatio
546 3019 610 3079 tuit
641 3016 716 3079 laeta
737 3018 816 3078 enim
835 3017 984 3096 prineipIa
997 3017 1184 3094 magistratus

229 3101 292 3162 eius
306 3102 394 3163 ninus
407 3101 610 3170 luxuriaverez
632 3120 668 3162 eo
683 3101 770 3162 citius
783 3099 865 3178 lapsa
879 3119 928 3162 res
942 3107 996 3172 est,
1011 3099 1183 3179 repetitum·

229 3200 302 3261 que,
324 3184 439 3246 dnobus
453 3187 496 3245 uti
510 3185 701 3246 mandaretur
716 3181 871 3245 consulum
887 3201 997 3246 nomen
1011 3183 1183 3261 imperium·

194 3275 294 3344 sque.
330 3267 492 3330 decemviri
517 3269 607 3330 creati
633 3268 744 3346 Appius
772 3263 1181 3330 mandanaucensi).

228 3350 340 3412 Sestius
360 3351 392 3412 L
409 3352 546 3412 Veturius
574 3352 604 3413 C.
619 3349 711 3412 lubus
732 3349 766 3412 A.
781 3349 905 3412 Manlius
925 3351 958 3412 P
981 3345 1181 3428 SulpiciusP.

192 3433 427 3494 tGuriatius'l'.
450 3433 594 3496 Romilius
618 3435 668 3515 Sp.
690 3434 866 3496 Postumius.
903 3433 1023 3496 Claudio
1041 3440 1071 3494 et
1085 3432 1181 3496 Genu-
