2580 3954
71 231 74 236 ,
194 156 256 223 178
320 172 415 214 russis
429 171 478 214 111.
506 170 576 212 css.
591 163 635 216 55.
650 161 695 216 tt.
721 153 761 230 [c.
778 171 806 210 e.
824 171 848 211 c.
864 149 944 230 305(
996 146 1036 227 )],

193 321 420 398 provocatione,
453 319 524 382 binc
552 317 712 380 tribunicio
738 315 846 378 auxilio
874 317 943 377 satis
972 316 1152 386 firmassent,
1269 311 1270 314 ’

192 403 265 482 ipsis
290 419 408 479 queque
431 401 572 471 tribunis,
597 409 630 462 ut
651 401 830 462 sacrosancti
851 399 1035 468 riderentur,
1064 400 1152 460 cuius
1269 401 1270 432 ¹

192 487 238 546 rei
258 502 352 564 prope
368 487 426 546 iam
444 487 586 548 memoria
605 483 787 554 aboleverat,
805 481 906 544 relatis
921 481 1097 560 quibusdem
1112 501 1151 544 ex

156 583 174 632 7
191 585 299 646 magne
310 567 464 632 intervella
473 569 662 630 caerimoniis
673 573 868 636 renovarunt,
885 572 992 628 etcum
1002 563 1150 642 religione

191 650 345 713 inviolatos
361 670 412 712 ees
427 659 490 712 urm
503 650 568 728 lege
591 653 678 714 ctiam
698 650 835 712 leserunt
853 648 1028 719 sanciendo,
1049 657 1083 708 ut
1097 650 1151 725 qui
1269 649 1270 712 l

191 733 319 798 tribunis
332 733 444 813 plebis,
463 733 621 804 aedilibus,
638 733 786 794 iudicibus
804 733 977 794 decemuiris
988 733 1150 800 neerssset,

193 820 256 880 eius
272 825 360 895 ceput
373 817 434 878 leri
455 833 571 880 serrum
595 823 685 886 esset,
707 815 817 877 familia
836 817 873 878 ad
895 816 999 878 eedem
1019 815 1150 884 Cereris,

156 908 174 960 e
191 900 294 961 Liberi
304 899 490 978 Liberaeque
501 918 609 964 renum
618 902 685 962 iret.
705 931 740 944 -
758 899 819 961 Hac
833 898 899 977 lege
913 900 987 960 iuris
1000 899 1150 976 interpre-

190 992 236 1044 tes
253 989 362 1060 negant
379 999 557 1062 quemquam
578 989 798 1046 sacrosanctum
821 999 901 1052 esse,
923 982 976 1043 sed
991 999 1074 1050 eum,
1097 982 1150 1058 qui

157 1075 175 1128 t
193 1083 297 1127 eorum
307 1068 446 1144 cuiquam
457 1069 604 1137 decuerit,
619 1065 679 1147 [id]
689 1083 806 1127 sacrum
814 1067 936 1127 sanciri.
958 1067 1056 1143 itaque
1067 1065 1150 1125 aedi·

182 1149 250 1219 ‘lem
265 1150 372 1227 prendi
385 1148 511 1227 ducique
530 1169 546 1210 a
564 1149 725 1211 maioribus
744 1147 979 1227 magistratibus,
999 1147 1078 1226 qued
1094 1148 1149 1210 etsi

182 1245 252 1292 ‘nen
263 1235 328 1294 iure
338 1233 432 1294 tiat-
442 1235 545 1296 noceri
561 1236 640 1296 enim
657 1235 700 1304 ei,
715 1234 765 1294 eui
780 1232 837 1294 bae
850 1231 917 1310 lege
928 1249 989 1292 non
1001 1231 1147 1301 licmt-‚

80 1315 141 1450 Χ
190 1325 290 1378 tamen
309 1325 515 1395 argumentum
530 1335 595 1378 esse
616 1334 677 1378 non
690 1315 796 1378 baberi
810 1333 866 1394 pse
880 1333 966 1377 sacre
986 1321 1150 1392 sanctourm

142 1409 174 1464 lo
192 1398 331 1469 aedilem
346 1399 481 1462 eibuses
493 1407 591 1462 uetere
604 1402 669 1463 iure
683 1399 808 1461 suendo
819 1398 929 1478 piebis,
942 1417 1010 1460 mm
1019 1399 1148 1477 primun
1269 1409 1270 1420 *

142 1500 173 1554 11
192 1499 258 1544 eam
276 1488 451 1560 potestatem
465 1484 587 1552 creavit,
607 1489 813 1544 sacrosanctos
828 1499 902 1544 esse
935 1483 1019 1544 fuere
1037 1485 1087 1559 qui
1101 1485 1148 1542 in·
1217 1529 1224 1542 ,

191 1571 443 1643 terpretarentur,
467 1565 569 1628 eadem
585 1565 640 1626 bac
656 1566 777 1627 Horatia
793 1565 859 1644 lege
879 1565 1051 1628 consulibus
1074 1585 1133 1644 quo

148 1717 152 1726 ’
191 1647 619 1803 ddldsacrlddddbotrdddlsedudddd
638 1649 1147 1796 eegsgprrpmeiussspntmzsnhrpmlorpgffi
1269 1799 1270 1822 χ

142 1827 175 1881 12
191 1813 344 1893 appellari.
380 1833 456 1894 quae
470 1814 615 1878 reielbtur
623 1817 845 1896 irrtsrpretstie,
859 1817 942 1893 qued
956 1817 993 1878 iis
1005 1819 1148 1895 temperi·
1269 1825 1270 1832 ’

190 1896 248 1958 bus
272 1897 404 1962 nendum
429 1897 581 1962 comedens
602 1899 745 1970 iudicem,
776 1899 829 1961 sed
849 1906 1021 1978 praetorem
1045 1899 1147 1979 appel·

141 1997 174 2050 le
191 1979 248 2042 lari
264 1999 329 2046 mee
343 1983 447 2044 iuerat
480 1983 542 2045 ilae
562 1982 735 2068 consulam
755 1983 837 2060 leges
856 1983 951 2046 luere.
984 1984 1148 2046 institutum

193 2066 280 2129 etiem
296 2065 332 2126 ab
346 2066 443 2130 isdem
457 2066 643 2136 consilibus,
664 2074 697 2127 ut
712 2076 831 2128 sesama
847 2066 980 2128 consulta
996 2069 1030 2128 in
1043 2068 1148 2129 sedem

193 2148 309 2210 Cereris
326 2149 363 2210 ad
378 2149 488 2212 ,reddes
504 2148 601 2227 plebis
616 2149 818 2220 deterrentes,
833 2167 911 2228 quae
927 2158 1011 2212 antea
1021 2150 1147 2212 arbitrie

141 2245 174 2298 14
192 2230 346 2294 consulum
381 2231 640 2310 supprimebantur
667 2231 912 2310 vitisbseturqce.
952 2234 990 2295 lt.
1023 2233 1147 2294 Duillius

191 2314 298 2376 deiude
320 2313 458 2378 tribum
477 2313 574 2394 plebis
590 2315 711 2395 plebem
734 2319 849 2394 reperit
869 2315 1033 2396 plebesque
1053 2319 1146 2387 scirit,

191 2399 243 2475 qui
257 2396 375 2475 plebem
387 2400 453 2460 sine
469 2399 596 2460 bibums
612 2399 795 2477 reliquisset,
819 2401 929 2478 quique
945 2402 1146 2478 magistratum
1269 2463 1270 2482 χ

191 2482 255 2542 sine
276 2484 485 2559 provocatione
507 2491 652 2554 creasset,
678 2490 763 2561 tergo
793 2501 828 2544 sc
857 2485 951 2562 eapite
979 2485 1145 2562 puniretur.
1269 2483 1270 2534 ἶ

139 2563 173 2616 1t
189 2563 264 2626 haee
281 2567 378 2627 emnia
393 2573 425 2626 ut
435 2568 533 2628 ieritis
543 2569 582 2627 im
595 2584 657 2628 men
671 2565 892 2628 adversantibus
905 2569 1038 2646 patriciis
1049 2576 1145 2629 uaes-
1269 2571 1270 2574 ’

190 2655 270 2718 aete,
284 2650 355 2730 ¹(peis
372 2651 503 2710 nendum
518 2653 550 2710 in
564 2666 741 2728 quemquam
754 2667 847 2710 uuum
862 2649 1054 2712 saeviebatur.

155 2749 171 2800 1
248 2731 318 2792 LVI.
349 2731 481 2794 Fundam
498 2733 605 2795 deinde
623 2739 652 2794 et
671 2739 814 2811 potestate
834 2733 991 2796 tribunicia
1007 2742 1037 2796 et
1049 2734 1146 2814 plebis
1269 2731 1270 2814 l

190 2811 326 2876 libertate
340 2822 402 2878 tum
412 2815 525 2876 tribuni
547 2815 669 2892 adgredi
684 2815 817 2895 singulos
833 2823 929 2878 tuurm
939 2825 1144 2896 maturumque
1269 2817 1270 2822 ’

189 2898 248 2956 iam
265 2899 321 2956 rati
336 2907 537 2960 accusatorem
552 2901 681 2978 primum
692 2900 863 2978 Verginium
878 2907 907 2962 et
920 2900 1045 2980 Appium
1059 2919 1144 2962 reum

155 2977 331 3056 edeligumt
358 2999 425 3044 cum
442 2982 519 3044 diem
533 2982 628 3062 Appio
650 2983 806 3062 Verginius
825 2983 963 3054 dixisset,
989 2992 1018 3046 et
1034 2985 1146 3063 Appius

189 3063 312 3141 stipatus
336 3066 469 3142 patriciis
489 3067 645 3129 iuvenibus
667 3068 699 3127 in
722 3067 821 3128 terum
842 3067 1057 3138 descendisset,
1075 3067 1143 3129 red·

188 3145 332 3224 integrate
352 3148 500 3228 extemplo
516 3156 561 3211 est
573 3149 710 3212 ermribus
728 3152 871 3212 memoris
891 3151 1075 3212 foedissime
1089 3167 1143 3230 pc·
1269 3167 1270 3210 2

154 3241 173 3294 8
189 3232 315 3301 testatis,
330 3249 397 3292 cum
411 3234 508 3311 ipsum
522 3232 720 3312 satellitesque
736 3235 799 3295 eius
819 3233 967 3297 vidissem.
996 3243 1059 3296 tem
1072 3233 1142 3296 Ver·
1269 3237 1270 3288 1

189 3313 287 3388 gisiae
299 3317 435 3384 „cratie‘⁴
458 3317 553 3395 inquit
574 3316 686 3387 „rebus
703 3315 803 3378 dubiis
823 3318 940 3379 inventa
958 3325 1018 3380 est:
1046 3319 1144 3395 itaque

188 3411 287 3473 neque
299 3413 356 3474 ege
372 3400 536 3460 accusando
547 3401 624 3478 apud
640 3419 691 3462 res
706 3415 773 3462 eum
784 3407 901 3479 tempus
911 3407 1019 3470 teram,
1032 3417 1048 3462 a
1060 3402 1142 3462 culus
1269 3447 1270 3456 a
