<?xml version="1.0" encoding="UTF-8"?>
<!DOCTYPE html PUBLIC "-//W3C//DTD XHTML 1.0 Transitional//EN"
    "http://www.w3.org/TR/xhtml1/DTD/xhtml1-transitional.dtd">
<html xmlns="http://www.w3.org/1999/xhtml" xml:lang="en" lang="en">
 <head>
  <title>
</title>
<meta http-equiv="Content-Type" content="text/html;charset=utf-8" />
  <meta name='ocr-system' content='tesseract 3.04.00' />
  <meta name='ocr-capabilities' content='ocr_page ocr_carea ocr_par ocr_line ocrx_word'/>
</head>
<body>
  <div class='ocr_page' id='page_1' title='image "./aburbeconditali01rossgoog_0147.png"; bbox 0 0 2548 3954; ppageno 0'>
   <div class='ocr_carea' id='block_1_1' title="bbox 444 235 1077 294">
    <p class='ocr_par' dir='ltr' id='par_1_1' title="bbox 444 235 1077 294">
     <span class='ocr_line' id='line_1_1' title="bbox 444 235 1077 294; baseline 0.009 -6"><span class='ocrx_word' id='word_1_1' title='bbox 444 247 537 288; x_wconf 80' lang='lat' dir='ltr'>crana</span> <span class='ocrx_word' id='word_1_2' title='bbox 553 247 574 288; x_wconf 89' lang='lat' dir='ltr'>r.</span> <span class='ocrx_word' id='word_1_3' title='bbox 606 246 674 288; x_wconf 76' lang='lat' dir='ltr'>cea.</span> <span class='ocrx_word' id='word_1_4' title='bbox 690 245 716 290; x_wconf 85' lang='lat' dir='ltr'>s.</span> <span class='ocrx_word' id='word_1_5' title='bbox 731 242 756 291; x_wconf 82' lang='lat'>5.</span> <span class='ocrx_word' id='word_1_6' title='bbox 1059 235 1077 294; x_wconf 84' lang='grc'><strong>7</strong></span> 
     </span>
    </p>
   </div>
   <div class='ocr_carea' id='block_1_2' title="bbox 124 393 1111 974">
    <p class='ocr_par' dir='ltr' id='par_1_2' title="bbox 124 393 1077 555">
     <span class='ocr_line' id='line_1_2' title="bbox 125 393 1077 478; baseline 0.001 -23"><span class='ocrx_word' id='word_1_7' title='bbox 125 393 267 456; x_wconf 78' lang='lat' dir='ltr'>sacerdos</span> <span class='ocrx_word' id='word_1_8' title='bbox 286 395 381 454; x_wconf 85' lang='lat' dir='ltr'>vincta</span> <span class='ocrx_word' id='word_1_9' title='bbox 404 396 435 454; x_wconf 90' lang='lat' dir='ltr'>in</span> <span class='ocrx_word' id='word_1_10' title='bbox 450 394 613 456; x_wconf 82' lang='lat' dir='ltr'><strong>custodiam</strong></span> <span class='ocrx_word' id='word_1_11' title='bbox 633 395 731 467; x_wconf 88' lang='lat' dir='ltr'>datur,</span> <span class='ocrx_word' id='word_1_12' title='bbox 753 413 863 475; x_wconf 90' lang='lat' dir='ltr'>pueros</span> <span class='ocrx_word' id='word_1_13' title='bbox 881 397 913 456; x_wconf 87' lang='lat' dir='ltr'>in</span> <span class='ocrx_word' id='word_1_14' title='bbox 927 395 1077 478; x_wconf 89' lang='lat' dir='ltr'>proliuen·</span> 
     </span>
     <span class='ocr_line' id='line_1_3' title="bbox 124 477 499 555; baseline 0 -17"><span class='ocrx_word' id='word_1_15' title='bbox 124 487 186 538; x_wconf 91' lang='lat' dir='ltr'>tem</span> <span class='ocrx_word' id='word_1_16' title='bbox 196 495 307 555; x_wconf 85' lang='lat' dir='ltr'>aquam</span> <span class='ocrx_word' id='word_1_17' title='bbox 320 479 396 538; x_wconf 89' lang='lat' dir='ltr'>mitti</span> <span class='ocrx_word' id='word_1_18' title='bbox 410 477 499 539; x_wconf 88' lang='lat' dir='ltr'>iubet.</span> 
     </span>
    </p>

    <p class='ocr_par' dir='ltr' id='par_1_3' title="bbox 125 561 1111 974">
     <span class='ocr_line' id='line_1_4' title="bbox 186 561 1111 640; baseline 0.002 -18"><span class='ocrx_word' id='word_1_19' title='bbox 186 561 276 624; x_wconf 86' lang='lat' dir='ltr'>Forte</span> <span class='ocrx_word' id='word_1_20' title='bbox 300 561 426 639; x_wconf 88' lang='lat' dir='ltr'>quadam</span> <span class='ocrx_word' id='word_1_21' title='bbox 452 562 588 622; x_wconf 82' lang='lat' dir='ltr'>divinitus</span> <span class='ocrx_word' id='word_1_22' title='bbox 608 578 697 640; x_wconf 89' lang='lat' dir='ltr'>super</span> <span class='ocrx_word' id='word_1_23' title='bbox 724 563 804 640; x_wconf 81' lang='lat' dir='ltr'>ripas</span> <span class='ocrx_word' id='word_1_24' title='bbox 828 561 945 624; x_wconf 86' lang='lat' dir='ltr'>&#39;liberis</span> <span class='ocrx_word' id='word_1_25' title='bbox 971 563 1111 626; x_wconf 79' lang='lat' dir='ltr'>eliususr</span> 
     </span>
     <span class='ocr_line' id='line_1_5' title="bbox 125 644 1079 726; baseline 0.002 -20"><span class='ocrx_word' id='word_1_26' title='bbox 125 644 245 706; x_wconf 87' lang='lat' dir='ltr'>lenibus</span> <span class='ocrx_word' id='word_1_27' title='bbox 260 647 370 724; x_wconf 76' lang='lat' dir='ltr'>stagnis</span> <span class='ocrx_word' id='word_1_28' title='bbox 388 663 444 706; x_wconf 90' lang='lat' dir='ltr'>nec</span> <span class='ocrx_word' id='word_1_29' title='bbox 465 645 539 706; x_wconf 87' lang='lat' dir='ltr'>adiri</span> <span class='ocrx_word' id='word_1_30' title='bbox 559 661 682 721; x_wconf 82' lang='lat' dir='ltr'>usquam</span> <span class='ocrx_word' id='word_1_31' title='bbox 696 646 732 707; x_wconf 86' lang='lat' dir='ltr'>ad</span> <span class='ocrx_word' id='word_1_32' title='bbox 746 646 816 708; x_wconf 91' lang='lat' dir='ltr'>iusti</span> <span class='ocrx_word' id='word_1_33' title='bbox 830 663 950 708; x_wconf 88' lang='lat' dir='ltr'>cursum</span> <span class='ocrx_word' id='word_1_34' title='bbox 964 653 1079 726; x_wconf 87' lang='lat' dir='ltr'>poterat</span> 
     </span>
     <span class='ocr_line' id='line_1_6' title="bbox 125 728 1077 810; baseline 0.002 -20"><span class='ocrx_word' id='word_1_35' title='bbox 125 731 232 799; x_wconf 86' lang='lat' dir='ltr'>amnis,</span> <span class='ocrx_word' id='word_1_36' title='bbox 240 737 271 790; x_wconf 89' lang='lat' dir='ltr'>et</span> <span class='ocrx_word' id='word_1_37' title='bbox 281 747 369 808; x_wconf 90' lang='lat' dir='ltr'>posse</span> <span class='ocrx_word' id='word_1_38' title='bbox 381 729 512 806; x_wconf 85' lang='lat' dir='ltr'>quamvis</span> <span class='ocrx_word' id='word_1_39' title='bbox 523 728 661 806; x_wconf 82' lang='lat' dir='ltr'>languida</span> <span class='ocrx_word' id='word_1_40' title='bbox 669 731 766 808; x_wconf 83' lang='lat' dir='ltr'>mergi</span> <span class='ocrx_word' id='word_1_41' title='bbox 774 747 850 808; x_wconf 86' lang='lat' dir='ltr'>aqua</span> <span class='ocrx_word' id='word_1_42' title='bbox 860 731 987 792; x_wconf 80' lang='lat' dir='ltr'>infantes</span> <span class='ocrx_word' id='word_1_43' title='bbox 995 749 1077 810; x_wconf 94' lang='lat' dir='ltr'>spem</span> 
     </span>
     <span class='ocr_line' id='line_1_7' title="bbox 125 811 1111 894; baseline -0.003 -22"><span class='ocrx_word' id='word_1_44' title='bbox 125 812 293 889; x_wconf 80' lang='lat' dir='ltr'>ferentibus</span> <span class='ocrx_word' id='word_1_45' title='bbox 312 811 407 874; x_wconf 90' lang='lat' dir='ltr'>dabat.</span> <span class='ocrx_word' id='word_1_46' title='bbox 436 815 476 873; x_wconf 87' lang='lat' dir='ltr'>ita</span> <span class='ocrx_word' id='word_1_47' title='bbox 496 811 575 873; x_wconf 88' lang='lat' dir='ltr'>velut</span> <span class='ocrx_word' id='word_1_48' title='bbox 586 811 716 874; x_wconf 77' lang='lat' dir='ltr'>defuncti</span> <span class='ocrx_word' id='word_1_49' title='bbox 729 815 809 892; x_wconf 75' lang='lat' dir='ltr'>regis</span> <span class='ocrx_word' id='word_1_50' title='bbox 823 814 948 894; x_wconf 88' lang='lat' dir='ltr'>imperio</span> <span class='ocrx_word' id='word_1_51' title='bbox 960 815 991 874; x_wconf 89' lang='lat' dir='ltr'>in</span> <span class='ocrx_word' id='word_1_52' title='bbox 1008 832 1078 894; x_wconf 89' lang='lat' dir='ltr'>pro·</span> <span class='ocrx_word' id='word_1_53' title='bbox 1096 819 1111 868; x_wconf 77' lang='lat'>5</span> 
     </span>
     <span class='ocr_line' id='line_1_8' title="bbox 125 891 1078 974; baseline 0.002 -18"><span class='ocrx_word' id='word_1_54' title='bbox 125 899 206 958; x_wconf 87' lang='lat' dir='ltr'>xima</span> <span class='ocrx_word' id='word_1_55' title='bbox 219 895 344 966; x_wconf 81' lang='lat' dir='ltr'>adludo,</span> <span class='ocrx_word' id='word_1_56' title='bbox 361 895 413 956; x_wconf 89' lang='lat' dir='ltr'>ubi</span> <span class='ocrx_word' id='word_1_57' title='bbox 427 913 506 956; x_wconf 90' lang='lat' dir='ltr'>nunc</span> <span class='ocrx_word' id='word_1_58' title='bbox 520 891 769 961; x_wconf 75' lang='lat' dir='ltr'>neusauemaus</span> <span class='ocrx_word' id='word_1_59' title='bbox 782 907 873 974; x_wconf 85' lang='lat' dir='ltr'>est-</span> <span class='ocrx_word' id='word_1_60' title='bbox 888 896 1078 960; x_wconf 78' lang='lat' dir='ltr'><strong>Romularem</strong></span> 
     </span>
    </p>
   </div>
   <div class='ocr_carea' id='block_1_3' title="bbox 126 981 1116 2062">
    <p class='ocr_par' dir='ltr' id='par_1_4' title="bbox 126 981 1115 1878">
     <span class='ocr_line' id='line_1_9' title="bbox 126 981 1112 1058; baseline 0 -20"><span class='ocrx_word' id='word_1_61' title='bbox 126 988 259 1041; x_wconf 87' lang='lat' dir='ltr'>vocatam</span> <span class='ocrx_word' id='word_1_62' title='bbox 275 981 374 1042; x_wconf 87' lang='lat' dir='ltr'>lerunt</span> <span class='ocrx_word' id='word_1_63' title='bbox 387 1014 422 1026; x_wconf 87' lang='lat'>—</span> <span class='ocrx_word' id='word_1_64' title='bbox 436 997 546 1058; x_wconf 90' lang='lat' dir='ltr'>pueros</span> <span class='ocrx_word' id='word_1_65' title='bbox 560 988 717 1058; x_wconf 85' lang='lat' dir='ltr'>exponunt.</span> <span class='ocrx_word' id='word_1_66' title='bbox 740 988 836 1042; x_wconf 82' lang='lat' dir='ltr'>vastae</span> <span class='ocrx_word' id='word_1_67' title='bbox 850 988 912 1042; x_wconf 92' lang='lat' dir='ltr'>tum</span> <span class='ocrx_word' id='word_1_68' title='bbox 925 983 958 1042; x_wconf 92' lang='lat' dir='ltr'>in</span> <span class='ocrx_word' id='word_1_69' title='bbox 974 982 1021 1044; x_wconf 91' lang='lat' dir='ltr'>his</span> <span class='ocrx_word' id='word_1_70' title='bbox 1035 981 1078 1042; x_wconf 94' lang='lat' dir='ltr'>lo·</span> <span class='ocrx_word' id='word_1_71' title='bbox 1096 985 1112 1038; x_wconf 80' lang='lat' dir='ltr'>t</span> 
     </span>
     <span class='ocr_line' id='line_1_10' title="bbox 126 1063 1078 1135; baseline 0.001 -10"><span class='ocrx_word' id='word_1_72' title='bbox 126 1066 171 1125; x_wconf 89' lang='lat' dir='ltr'>cis</span> <span class='ocrx_word' id='word_1_73' title='bbox 188 1063 362 1125; x_wconf 84' lang='lat' dir='ltr'>solitudines</span> <span class='ocrx_word' id='word_1_74' title='bbox 377 1069 468 1124; x_wconf 88' lang='lat' dir='ltr'>erant.</span> <span class='ocrx_word' id='word_1_75' title='bbox 494 1068 575 1124; x_wconf 89' lang='lat' dir='ltr'>tenet</span> <span class='ocrx_word' id='word_1_76' title='bbox 588 1063 679 1135; x_wconf 84' lang='lat' dir='ltr'>sama,</span> <span class='ocrx_word' id='word_1_77' title='bbox 696 1081 763 1125; x_wconf 91' lang='lat' dir='ltr'>cum</span> <span class='ocrx_word' id='word_1_78' title='bbox 777 1064 939 1126; x_wconf 86' lang='lat' dir='ltr'>fluitantem</span> <span class='ocrx_word' id='word_1_79' title='bbox 956 1064 1078 1135; x_wconf 85' lang='lat' dir='ltr'>alveum,</span> 
     </span>
     <span class='ocr_line' id='line_1_11' title="bbox 126 1148 1078 1227; baseline -0.001 -19"><span class='ocrx_word' id='word_1_80' title='bbox 126 1165 187 1226; x_wconf 91' lang='lat' dir='ltr'>quo</span> <span class='ocrx_word' id='word_1_81' title='bbox 204 1149 327 1227; x_wconf 87' lang='lat' dir='ltr'>expositi</span> <span class='ocrx_word' id='word_1_82' title='bbox 344 1152 427 1208; x_wconf 89' lang='lat' dir='ltr'>erant</span> <span class='ocrx_word' id='word_1_83' title='bbox 438 1148 534 1226; x_wconf 85' lang='lat' dir='ltr'>pueri,</span> <span class='ocrx_word' id='word_1_84' title='bbox 550 1148 647 1208; x_wconf 88' lang='lat' dir='ltr'>tenuis</span> <span class='ocrx_word' id='word_1_85' title='bbox 661 1149 693 1208; x_wconf 90' lang='lat' dir='ltr'>in</span> <span class='ocrx_word' id='word_1_86' title='bbox 707 1149 787 1209; x_wconf 91' lang='lat' dir='ltr'>sicco</span> <span class='ocrx_word' id='word_1_87' title='bbox 805 1166 880 1227; x_wconf 88' lang='lat' dir='ltr'>aqna</span> <span class='ocrx_word' id='word_1_88' title='bbox 892 1149 1078 1218; x_wconf 80' lang='lat' dir='ltr'>destituisset,</span> 
     </span>
     <span class='ocr_line' id='line_1_12' title="bbox 126 1229 1080 1311; baseline 0.003 -20"><span class='ocrx_word' id='word_1_89' title='bbox 126 1230 228 1309; x_wconf 91' lang='lat' dir='ltr'>lupam</span> <span class='ocrx_word' id='word_1_90' title='bbox 248 1232 394 1292; x_wconf 88' lang='lat' dir='ltr'>sitientem</span> <span class='ocrx_word' id='word_1_91' title='bbox 416 1249 452 1293; x_wconf 84' lang='lat' dir='ltr'>ex</span> <span class='ocrx_word' id='word_1_92' title='bbox 471 1229 620 1292; x_wconf 90' lang='lat' dir='ltr'>montibus</span> <span class='ocrx_word' id='word_1_93' title='bbox 638 1232 688 1308; x_wconf 88' lang='lat' dir='ltr'>qui</span> <span class='ocrx_word' id='word_1_94' title='bbox 708 1233 787 1292; x_wconf 89' lang='lat' dir='ltr'>circa</span> <span class='ocrx_word' id='word_1_95' title='bbox 802 1238 871 1293; x_wconf 91' lang='lat' dir='ltr'>sunt</span> <span class='ocrx_word' id='word_1_96' title='bbox 885 1232 921 1292; x_wconf 90' lang='lat' dir='ltr'>ad</span> <span class='ocrx_word' id='word_1_97' title='bbox 935 1232 1080 1311; x_wconf 83' lang='lat' dir='ltr'>puerilem</span> 
     </span>
     <span class='ocr_line' id='line_1_13' title="bbox 126 1313 1079 1392; baseline 0.003 -18"><span class='ocrx_word' id='word_1_98' title='bbox 126 1316 257 1392; x_wconf 82' lang='lat' dir='ltr'>vagitum</span> <span class='ocrx_word' id='word_1_99' title='bbox 272 1332 391 1376; x_wconf 91' lang='lat' dir='ltr'>cursum</span> <span class='ocrx_word' id='word_1_100' title='bbox 408 1313 540 1384; x_wconf 81' lang='lat' dir='ltr'>llexisse3</span> <span class='ocrx_word' id='word_1_101' title='bbox 563 1333 627 1375; x_wconf 92' lang='lat' dir='ltr'>eam</span> <span class='ocrx_word' id='word_1_102' title='bbox 644 1317 813 1376; x_wconf 87' lang='lat' dir='ltr'>summissas</span> <span class='ocrx_word' id='word_1_103' title='bbox 831 1315 992 1377; x_wconf 75' lang='lat' dir='ltr'>infantibus</span> <span class='ocrx_word' id='word_1_104' title='bbox 1006 1315 1079 1377; x_wconf 89' lang='lat' dir='ltr'>adeo</span> 
     </span>
     <span class='ocr_line' id='line_1_14' title="bbox 127 1397 1080 1479; baseline 0.002 -20"><span class='ocrx_word' id='word_1_105' title='bbox 127 1400 230 1460; x_wconf 89' lang='lat' dir='ltr'>mitem</span> <span class='ocrx_word' id='word_1_106' title='bbox 249 1397 421 1478; x_wconf 79' lang='lat' dir='ltr'>praebuisse</span> <span class='ocrx_word' id='word_1_107' title='bbox 440 1415 595 1470; x_wconf 88' lang='lat' dir='ltr'>mammas,</span> <span class='ocrx_word' id='word_1_108' title='bbox 616 1404 649 1458; x_wconf 90' lang='lat' dir='ltr'>ut</span> <span class='ocrx_word' id='word_1_109' title='bbox 663 1397 763 1476; x_wconf 83' lang='lat' dir='ltr'>lingua</span> <span class='ocrx_word' id='word_1_110' title='bbox 777 1397 955 1461; x_wconf 87' lang='lat' dir='ltr'>lambentem</span> <span class='ocrx_word' id='word_1_111' title='bbox 970 1417 1080 1479; x_wconf 88' lang='lat' dir='ltr'>pueros</span> 
     </span>
     <span class='ocr_line' id='line_1_15' title="bbox 128 1481 1081 1561; baseline 0.003 -19"><span class='ocrx_word' id='word_1_112' title='bbox 128 1483 268 1560; x_wconf 81' lang='lat' dir='ltr'>magister</span> <span class='ocrx_word' id='word_1_113' title='bbox 284 1483 360 1560; x_wconf 79' lang='lat' dir='ltr'>regii</span> <span class='ocrx_word' id='word_1_114' title='bbox 381 1483 499 1561; x_wconf 88' lang='lat' dir='ltr'>pecoris</span> <span class='ocrx_word' id='word_1_115' title='bbox 518 1483 672 1544; x_wconf 83' lang='lat' dir='ltr'>invenerit.</span> <span class='ocrx_word' id='word_1_116' title='bbox 704 1481 842 1544; x_wconf 87' lang='lat' dir='ltr'>Faustulo</span> <span class='ocrx_word' id='word_1_117' title='bbox 859 1482 952 1545; x_wconf 88' lang='lat' dir='ltr'>inisse</span> <span class='ocrx_word' id='word_1_118' title='bbox 972 1501 1081 1545; x_wconf 90' lang='lat' dir='ltr'>nomen</span> 
     </span>
     <span class='ocr_line' id='line_1_16' title="bbox 126 1563 1115 1629; baseline -0.001 -3"><span class='ocrx_word' id='word_1_119' title='bbox 126 1566 237 1628; x_wconf 87' lang='lat' dir='ltr'>ierunt.</span> <span class='ocrx_word' id='word_1_120' title='bbox 266 1564 303 1626; x_wconf 93' lang='lat' dir='ltr'>ab</span> <span class='ocrx_word' id='word_1_121' title='bbox 320 1585 357 1627; x_wconf 88' lang='lat' dir='ltr'>eo</span> <span class='ocrx_word' id='word_1_122' title='bbox 380 1566 417 1627; x_wconf 91' lang='lat' dir='ltr'>ad</span> <span class='ocrx_word' id='word_1_123' title='bbox 440 1563 553 1626; x_wconf 89' lang='lat' dir='ltr'>stabula</span> <span class='ocrx_word' id='word_1_124' title='bbox 567 1565 720 1628; x_wconf 88' lang='lat' dir='ltr'>Larentiae</span> <span class='ocrx_word' id='word_1_125' title='bbox 739 1569 825 1628; x_wconf 85' lang='lat' dir='ltr'>uxorl</span> <span class='ocrx_word' id='word_1_126' title='bbox 839 1568 1014 1629; x_wconf 88' lang='lat' dir='ltr'>educandos</span> <span class='ocrx_word' id='word_1_127' title='bbox 1032 1565 1081 1628; x_wconf 89' lang='lat' dir='ltr'>da·</span> <span class='ocrx_word' id='word_1_128' title='bbox 1100 1577 1115 1625; x_wconf 87' lang='lat'><strong>7</strong></span> 
     </span>
     <span class='ocr_line' id='line_1_17' title="bbox 128 1649 1081 1730; baseline 0 -20"><span class='ocrx_word' id='word_1_129' title='bbox 128 1668 183 1710; x_wconf 85' lang='lat' dir='ltr'>cos.</span> <span class='ocrx_word' id='word_1_130' title='bbox 223 1657 291 1710; x_wconf 90' lang='lat' dir='ltr'>sunt</span> <span class='ocrx_word' id='word_1_131' title='bbox 319 1651 369 1726; x_wconf 87' lang='lat' dir='ltr'>qui</span> <span class='ocrx_word' id='word_1_132' title='bbox 396 1649 563 1711; x_wconf 90' lang='lat' dir='ltr'>Larentiam</span> <span class='ocrx_word' id='word_1_133' title='bbox 585 1649 700 1728; x_wconf 81' lang='lat' dir='ltr'>vulgato</span> <span class='ocrx_word' id='word_1_134' title='bbox 726 1668 853 1728; x_wconf 89' lang='lat' dir='ltr'>corpore</span> <span class='ocrx_word' id='word_1_135' title='bbox 878 1649 978 1730; x_wconf 85' lang='lat' dir='ltr'>lupam</span> <span class='ocrx_word' id='word_1_136' title='bbox 1004 1653 1081 1712; x_wconf 89' lang='lat' dir='ltr'>inter</span> 
     </span>
     <span class='ocr_line' id='line_1_18' title="bbox 129 1733 1081 1812; baseline 0 -18"><span class='ocrx_word' id='word_1_137' title='bbox 129 1741 264 1812; x_wconf 91' lang='lat' dir='ltr'>pastores</span> <span class='ocrx_word' id='word_1_138' title='bbox 277 1740 409 1795; x_wconf 23' lang='lat' dir='ltr'>vorcatam</span> <span class='ocrx_word' id='word_1_139' title='bbox 424 1738 541 1812; x_wconf 66' lang='lat' dir='ltr'>putenm</span> <span class='ocrx_word' id='word_1_140' title='bbox 557 1733 627 1796; x_wconf 86' lang='lat' dir='ltr'>inde</span> <span class='ocrx_word' id='word_1_141' title='bbox 643 1733 741 1795; x_wconf 89' lang='lat' dir='ltr'>locum</span> <span class='ocrx_word' id='word_1_142' title='bbox 758 1733 875 1796; x_wconf 79' lang='lat' dir='ltr'>fabulae</span> <span class='ocrx_word' id='word_1_143' title='bbox 887 1752 922 1794; x_wconf 89' lang='lat' dir='ltr'>ac</span> <span class='ocrx_word' id='word_1_144' title='bbox 937 1733 1081 1794; x_wconf 87' lang='lat' dir='ltr'>miraculo</span> 
     </span>
     <span class='ocr_line' id='line_1_19' title="bbox 129 1819 239 1878; baseline -0.018 0"><span class='ocrx_word' id='word_1_145' title='bbox 129 1819 239 1878; x_wconf 89' lang='lat' dir='ltr'>datum.</span> 
     </span>
    </p>

    <p class='ocr_par' dir='ltr' id='par_1_5' title="bbox 129 1899 1116 2062">
     <span class='ocr_line' id='line_1_20' title="bbox 192 1899 1116 1978; baseline -0.004 -18"><span class='ocrx_word' id='word_1_146' title='bbox 192 1900 235 1960; x_wconf 87' lang='lat' dir='ltr'>lta</span> <span class='ocrx_word' id='word_1_147' title='bbox 254 1900 345 1978; x_wconf 85' lang='lat' dir='ltr'>geniti</span> <span class='ocrx_word' id='word_1_148' title='bbox 354 1900 458 1976; x_wconf 84' lang='lat' dir='ltr'>itaque</span> <span class='ocrx_word' id='word_1_149' title='bbox 470 1901 600 1970; x_wconf 89' lang='lat' dir='ltr'>educati,</span> <span class='ocrx_word' id='word_1_150' title='bbox 621 1902 835 1978; x_wconf 83' lang='lat' dir='ltr'>cumprimum</span> <span class='ocrx_word' id='word_1_151' title='bbox 851 1899 978 1961; x_wconf 81' lang='lat' dir='ltr'>adolevit</span> <span class='ocrx_word' id='word_1_152' title='bbox 993 1908 1081 1969; x_wconf 85' lang='lat' dir='ltr'>aetas,</span> <span class='ocrx_word' id='word_1_153' title='bbox 1100 1907 1116 1956; x_wconf 80' lang='lat' dir='ltr'>s</span> 
     </span>
     <span class='ocr_line' id='line_1_21' title="bbox 129 1981 1083 2062; baseline 0 -17"><span class='ocrx_word' id='word_1_154' title='bbox 129 2003 185 2046; x_wconf 89' lang='lat' dir='ltr'>nec</span> <span class='ocrx_word' id='word_1_155' title='bbox 200 1986 232 2044; x_wconf 93' lang='lat' dir='ltr'>in</span> <span class='ocrx_word' id='word_1_156' title='bbox 253 1981 375 2044; x_wconf 89' lang='lat' dir='ltr'>stabulis</span> <span class='ocrx_word' id='word_1_157' title='bbox 404 2000 460 2044; x_wconf 89' lang='lat' dir='ltr'>neo</span> <span class='ocrx_word' id='word_1_158' title='bbox 475 1983 511 2043; x_wconf 88' lang='lat' dir='ltr'>ad</span> <span class='ocrx_word' id='word_1_159' title='bbox 526 1999 635 2062; x_wconf 87' lang='lat' dir='ltr'>pecora</span> <span class='ocrx_word' id='word_1_160' title='bbox 651 1999 756 2061; x_wconf 75' lang='lat' dir='ltr'>segnes</span> <span class='ocrx_word' id='word_1_161' title='bbox 776 1981 908 2044; x_wconf 76' lang='lat' dir='ltr'>venando</span> <span class='ocrx_word' id='word_1_162' title='bbox 919 1991 1083 2062; x_wconf 83' lang='lat' dir='ltr'>peragrare</span> 
     </span>
    </p>
   </div>
   <div class='ocr_carea' id='block_1_4' title="bbox 15 2065 1117 2145">
    <p class='ocr_par' dir='ltr' id='par_1_6' title="bbox 15 2065 1117 2145">
     <span class='ocr_line' id='line_1_22' title="bbox 15 2065 1117 2145; baseline -0.002 -16"><span class='ocrx_word' id='word_1_163' title='bbox 15 2101 17 2104; x_wconf 95' lang='lat'>·</span> <span class='ocrx_word' id='word_1_164' title='bbox 128 2068 229 2130; x_wconf 90' lang='lat' dir='ltr'>saltus.</span> <span class='ocrx_word' id='word_1_165' title='bbox 257 2067 327 2127; x_wconf 90' lang='lat' dir='ltr'>hinc</span> <span class='ocrx_word' id='word_1_166' title='bbox 338 2066 447 2128; x_wconf 89' lang='lat' dir='ltr'>robore</span> <span class='ocrx_word' id='word_1_167' title='bbox 460 2065 636 2145; x_wconf 86' lang='lat' dir='ltr'>corporibus</span> <span class='ocrx_word' id='word_1_168' title='bbox 648 2067 813 2144; x_wconf 86' lang='lat' dir='ltr'>animisque</span> <span class='ocrx_word' id='word_1_169' title='bbox 823 2073 940 2145; x_wconf 89' lang='lat' dir='ltr'>sumpto</span> <span class='ocrx_word' id='word_1_170' title='bbox 952 2069 1011 2128; x_wconf 89' lang='lat' dir='ltr'>iam</span> <span class='ocrx_word' id='word_1_171' title='bbox 1023 2077 1117 2128; x_wconf 79' lang='lat' dir='ltr'>none</span> 
     </span>
    </p>
   </div>
   <div class='ocr_carea' id='block_1_5' title="bbox 125 2149 1122 3564">
    <p class='ocr_par' dir='ltr' id='par_1_7' title="bbox 125 2149 1084 2396">
     <span class='ocr_line' id='line_1_23' title="bbox 125 2149 1084 2231; baseline 0 -19"><span class='ocrx_word' id='word_1_172' title='bbox 125 2152 209 2213; x_wconf 75' lang='lat' dir='ltr'>feras</span> <span class='ocrx_word' id='word_1_173' title='bbox 232 2156 344 2211; x_wconf 87' lang='lat' dir='ltr'>tantum</span> <span class='ocrx_word' id='word_1_174' title='bbox 358 2149 535 2219; x_wconf 88' lang='lat' dir='ltr'>subsistere,</span> <span class='ocrx_word' id='word_1_175' title='bbox 558 2151 610 2231; x_wconf 90' lang='lat' dir='ltr'>sed</span> <span class='ocrx_word' id='word_1_176' title='bbox 631 2152 663 2211; x_wconf 87' lang='lat' dir='ltr'>in</span> <span class='ocrx_word' id='word_1_177' title='bbox 687 2150 817 2212; x_wconf 87' lang='lat' dir='ltr'>latrones</span> <span class='ocrx_word' id='word_1_178' title='bbox 835 2151 945 2230; x_wconf 86' lang='lat' dir='ltr'>praeda</span> <span class='ocrx_word' id='word_1_179' title='bbox 963 2158 1084 2212; x_wconf 91' lang='lat' dir='ltr'>onustos</span> 
     </span>
     <span class='ocr_line' id='line_1_24' title="bbox 130 2231 1084 2314; baseline 0.001 -19"><span class='ocrx_word' id='word_1_180' title='bbox 130 2238 257 2314; x_wconf 86' lang='lat' dir='ltr'>impetus</span> <span class='ocrx_word' id='word_1_181' title='bbox 272 2234 387 2304; x_wconf 86' lang='lat' dir='ltr'>lacere,</span> <span class='ocrx_word' id='word_1_182' title='bbox 405 2231 634 2312; x_wconf 80' lang='lat' dir='ltr'>pastoribusque</span> <span class='ocrx_word' id='word_1_183' title='bbox 644 2241 732 2313; x_wconf 86' lang='lat' dir='ltr'>rapta</span> <span class='ocrx_word' id='word_1_184' title='bbox 748 2234 894 2304; x_wconf 86' lang='lat' dir='ltr'>dividere,</span> <span class='ocrx_word' id='word_1_185' title='bbox 911 2241 940 2294; x_wconf 88' lang='lat' dir='ltr'>et</span> <span class='ocrx_word' id='word_1_186' title='bbox 955 2251 1023 2294; x_wconf 82' lang='lat' dir='ltr'>crnn</span> <span class='ocrx_word' id='word_1_187' title='bbox 1037 2233 1084 2296; x_wconf 88' lang='lat' dir='ltr'>his</span> 
     </span>
     <span class='ocr_line' id='line_1_25' title="bbox 131 2316 1083 2396; baseline -0.001 -17"><span class='ocrx_word' id='word_1_188' title='bbox 131 2324 284 2380; x_wconf 77' lang='lat' dir='ltr'>crescente</span> <span class='ocrx_word' id='word_1_189' title='bbox 299 2320 330 2377; x_wconf 89' lang='lat' dir='ltr'>in</span> <span class='ocrx_word' id='word_1_190' title='bbox 344 2317 408 2377; x_wconf 89' lang='lat' dir='ltr'>dies</span> <span class='ocrx_word' id='word_1_191' title='bbox 423 2334 513 2396; x_wconf 80' lang='lat' dir='ltr'>grege</span> <span class='ocrx_word' id='word_1_192' title='bbox 527 2319 665 2378; x_wconf 74' lang='lat' dir='ltr'>iuvenum</span> <span class='ocrx_word' id='word_1_193' title='bbox 679 2319 757 2378; x_wconf 91' lang='lat' dir='ltr'>seria</span> <span class='ocrx_word' id='word_1_194' title='bbox 770 2319 902 2378; x_wconf 80' lang='lat' dir='ltr'>aelooos</span> <span class='ocrx_word' id='word_1_195' title='bbox 921 2316 1083 2380; x_wconf 88' lang='lat' dir='ltr'>celebrare.</span> 
     </span>
    </p>

    <p class='ocr_par' dir='ltr' id='par_1_8' title="bbox 131 2399 1122 3564">
     <span class='ocr_line' id='line_1_26' title="bbox 191 2399 1114 2479; baseline 0 -18"><span class='ocrx_word' id='word_1_196' title='bbox 191 2401 225 2462; x_wconf 82' lang='lat' dir='ltr'>V.</span> <span class='ocrx_word' id='word_1_197' title='bbox 247 2401 307 2461; x_wconf 92' lang='lat' dir='ltr'>lam</span> <span class='ocrx_word' id='word_1_198' title='bbox 323 2409 389 2461; x_wconf 85' lang='lat' dir='ltr'>tum</span> <span class='ocrx_word' id='word_1_199' title='bbox 404 2401 435 2461; x_wconf 92' lang='lat' dir='ltr'>in</span> <span class='ocrx_word' id='word_1_200' title='bbox 450 2400 561 2462; x_wconf 86' lang='lat' dir='ltr'>Palatio</span> <span class='ocrx_word' id='word_1_201' title='bbox 580 2409 683 2462; x_wconf 88' lang='lat' dir='ltr'>monte</span> <span class='ocrx_word' id='word_1_202' title='bbox 695 2400 841 2479; x_wconf 88' lang='lat' dir='ltr'>Lupercal</span> <span class='ocrx_word' id='word_1_203' title='bbox 860 2400 918 2462; x_wconf 89' lang='lat' dir='ltr'>hoc</span> <span class='ocrx_word' id='word_1_204' title='bbox 935 2401 1026 2463; x_wconf 86' lang='lat' dir='ltr'>luisse</span> <span class='ocrx_word' id='word_1_205' title='bbox 1040 2399 1085 2462; x_wconf 93' lang='lat' dir='ltr'>lu·</span> <span class='ocrx_word' id='word_1_206' title='bbox 1105 2399 1114 2448; x_wconf 87' lang='lat'><strong>¹</strong></span> 
     </span>
     <span class='ocr_line' id='line_1_27' title="bbox 131 2483 1084 2555; baseline -0.002 -9"><span class='ocrx_word' id='word_1_207' title='bbox 131 2485 249 2546; x_wconf 88' lang='lat' dir='ltr'>dicrum</span> <span class='ocrx_word' id='word_1_208' title='bbox 263 2485 372 2554; x_wconf 84' lang='lat' dir='ltr'>ierunt,</span> <span class='ocrx_word' id='word_1_209' title='bbox 389 2491 446 2545; x_wconf 82' lang='lat' dir='ltr'>eta</span> <span class='ocrx_word' id='word_1_210' title='bbox 462 2483 622 2554; x_wconf 90' lang='lat' dir='ltr'>Pallanteo,</span> <span class='ocrx_word' id='word_1_211' title='bbox 639 2483 715 2544; x_wconf 85' lang='lat' dir='ltr'>urbe</span> <span class='ocrx_word' id='word_1_212' title='bbox 731 2484 882 2555; x_wconf 78' lang='lat' dir='ltr'>Arcadica,</span> <span class='ocrx_word' id='word_1_213' title='bbox 899 2483 1084 2553; x_wconf 84' lang='lat' dir='ltr'>Pallantium,</span> 
     </span>
     <span class='ocr_line' id='line_1_28' title="bbox 131 2565 1119 2646; baseline -0.004 -16"><span class='ocrx_word' id='word_1_214' title='bbox 131 2569 201 2630; x_wconf 86' lang='lat' dir='ltr'>dein</span> <span class='ocrx_word' id='word_1_215' title='bbox 215 2567 358 2629; x_wconf 90' lang='lat' dir='ltr'>Palatium</span> <span class='ocrx_word' id='word_1_216' title='bbox 373 2575 503 2629; x_wconf 91' lang='lat' dir='ltr'>montem</span> <span class='ocrx_word' id='word_1_217' title='bbox 519 2565 706 2646; x_wconf 88' lang='lat' dir='ltr'>appellatum.</span> <span class='ocrx_word' id='word_1_218' title='bbox 731 2565 774 2627; x_wconf 90' lang='lat' dir='ltr'>ibi</span> <span class='ocrx_word' id='word_1_219' title='bbox 789 2567 968 2637; x_wconf 86' lang='lat' dir='ltr'>Euandrum,</span> <span class='ocrx_word' id='word_1_220' title='bbox 985 2567 1036 2644; x_wconf 88' lang='lat' dir='ltr'>qui</span> <span class='ocrx_word' id='word_1_221' title='bbox 1050 2584 1085 2628; x_wconf 85' lang='lat' dir='ltr'>ex</span> <span class='ocrx_word' id='word_1_222' title='bbox 1103 2565 1119 2613; x_wconf 83' lang='lat'><strong>²</strong></span> 
     </span>
     <span class='ocr_line' id='line_1_29' title="bbox 132 2648 1084 2730; baseline -0.003 -16"><span class='ocrx_word' id='word_1_223' title='bbox 132 2671 167 2714; x_wconf 94' lang='lat' dir='ltr'>eo</span> <span class='ocrx_word' id='word_1_224' title='bbox 179 2651 446 2730; x_wconf 70' lang='lat' dir='ltr'>generedrcadmn</span> <span class='ocrx_word' id='word_1_225' title='bbox 458 2649 557 2712; x_wconf 91' lang='lat' dir='ltr'>multis</span> <span class='ocrx_word' id='word_1_226' title='bbox 569 2648 1084 2729; x_wconf 84' lang='lat' dir='ltr'>antetempestatibustenueritloca,</span> 
     </span>
     <span class='ocr_line' id='line_1_30' title="bbox 132 2731 1085 2803; baseline -0.002 -6"><span class='ocrx_word' id='word_1_227' title='bbox 132 2733 274 2798; x_wconf 87' lang='lat' dir='ltr'>sollemne</span> <span class='ocrx_word' id='word_1_228' title='bbox 292 2734 413 2795; x_wconf 88' lang='lat' dir='ltr'>allatum</span> <span class='ocrx_word' id='word_1_229' title='bbox 434 2753 470 2796; x_wconf 80' lang='lat' dir='ltr'>ex</span> <span class='ocrx_word' id='word_1_230' title='bbox 490 2734 614 2796; x_wconf 77' lang='lat' dir='ltr'>Arcadia</span> <span class='ocrx_word' id='word_1_231' title='bbox 629 2733 805 2803; x_wconf 87' lang='lat' dir='ltr'>instituisse,</span> <span class='ocrx_word' id='word_1_232' title='bbox 826 2739 859 2794; x_wconf 90' lang='lat' dir='ltr'>ut</span> <span class='ocrx_word' id='word_1_233' title='bbox 871 2731 945 2794; x_wconf 88' lang='lat' dir='ltr'>nudi</span> <span class='ocrx_word' id='word_1_234' title='bbox 964 2735 1085 2795; x_wconf 85' lang='lat' dir='ltr'>invenes</span> 
     </span>
     <span class='ocr_line' id='line_1_31' title="bbox 131 2816 1085 2899; baseline -0.002 -19"><span class='ocrx_word' id='word_1_235' title='bbox 131 2819 275 2899; x_wconf 83' lang='lat' dir='ltr'>Lycaeum</span> <span class='ocrx_word' id='word_1_236' title='bbox 286 2819 372 2879; x_wconf 84' lang='lat' dir='ltr'>¹Pana</span> <span class='ocrx_word' id='word_1_237' title='bbox 388 2824 562 2880; x_wconf 84' lang='lat' dir='ltr'>venerantes</span> <span class='ocrx_word' id='word_1_238' title='bbox 576 2836 631 2897; x_wconf 93' lang='lat' dir='ltr'>per</span> <span class='ocrx_word' id='word_1_239' title='bbox 645 2818 742 2880; x_wconf 88' lang='lat' dir='ltr'>lusum</span> <span class='ocrx_word' id='word_1_240' title='bbox 758 2825 846 2895; x_wconf 90' lang='lat' dir='ltr'>atque</span> <span class='ocrx_word' id='word_1_241' title='bbox 857 2816 1005 2878; x_wconf 83' lang='lat' dir='ltr'>lasciviam</span> <span class='ocrx_word' id='word_1_242' title='bbox 1017 2835 1085 2878; x_wconf 91' lang='lat' dir='ltr'>cur·</span> 
     </span>
     <span class='ocr_line' id='line_1_32' title="bbox 131 2899 1120 2978; baseline 0 -16"><span class='ocrx_word' id='word_1_243' title='bbox 131 2910 246 2972; x_wconf 86' lang='lat' dir='ltr'>rerem,</span> <span class='ocrx_word' id='word_1_244' title='bbox 262 2919 350 2978; x_wconf 85' lang='lat' dir='ltr'>quem</span> <span class='ocrx_word' id='word_1_245' title='bbox 366 2901 491 2964; x_wconf 86' lang='lat' dir='ltr'>Romani</span> <span class='ocrx_word' id='word_1_246' title='bbox 509 2902 615 2963; x_wconf 84' lang='lat' dir='ltr'>deinde</span> <span class='ocrx_word' id='word_1_247' title='bbox 629 2909 808 2964; x_wconf 82' lang='lat' dir='ltr'>vocaverunt</span> <span class='ocrx_word' id='word_1_248' title='bbox 818 2901 932 2962; x_wconf 87' lang='lat' dir='ltr'>lanum.</span> <span class='ocrx_word' id='word_1_249' title='bbox 951 2899 1022 2961; x_wconf 92' lang='lat' dir='ltr'>huic</span> <span class='ocrx_word' id='word_1_250' title='bbox 1033 2900 1085 2962; x_wconf 88' lang='lat' dir='ltr'>de·</span> <span class='ocrx_word' id='word_1_251' title='bbox 1103 2899 1120 2951; x_wconf 75' lang='grc'>3</span> 
     </span>
     <span class='ocr_line' id='line_1_33' title="bbox 132 2983 1084 3068; baseline -0.001 -23"><span class='ocrx_word' id='word_1_252' title='bbox 132 2985 198 3047; x_wconf 89' lang='lat' dir='ltr'>ditis</span> <span class='ocrx_word' id='word_1_253' title='bbox 220 2985 352 3054; x_wconf 90' lang='lat' dir='ltr'>ludicro,</span> <span class='ocrx_word' id='word_1_254' title='bbox 376 3003 444 3046; x_wconf 88' lang='lat' dir='ltr'>cum</span> <span class='ocrx_word' id='word_1_255' title='bbox 463 2984 606 3046; x_wconf 88' lang='lat' dir='ltr'>sollemne</span> <span class='ocrx_word' id='word_1_256' title='bbox 624 2992 730 3068; x_wconf 87' lang='lat' dir='ltr'>notum</span> <span class='ocrx_word' id='word_1_257' title='bbox 755 2993 846 3053; x_wconf 86' lang='lat' dir='ltr'>esset,</span> <span class='ocrx_word' id='word_1_258' title='bbox 869 2984 1022 3046; x_wconf 89' lang='lat' dir='ltr'>insidiatos</span> <span class='ocrx_word' id='word_1_259' title='bbox 1046 2983 1084 3044; x_wconf 91' lang='lat' dir='ltr'>ob</span> 
     </span>
     <span class='ocr_line' id='line_1_34' title="bbox 131 3067 1085 3148; baseline -0.001 -20"><span class='ocrx_word' id='word_1_260' title='bbox 131 3071 205 3129; x_wconf 91' lang='lat' dir='ltr'>iram</span> <span class='ocrx_word' id='word_1_261' title='bbox 220 3069 348 3148; x_wconf 85' lang='lat' dir='ltr'>praedae</span> <span class='ocrx_word' id='word_1_262' title='bbox 363 3071 487 3130; x_wconf 86' lang='lat' dir='ltr'>amissae</span> <span class='ocrx_word' id='word_1_263' title='bbox 502 3067 641 3139; x_wconf 87' lang='lat' dir='ltr'>latrones,</span> <span class='ocrx_word' id='word_1_264' title='bbox 660 3087 727 3129; x_wconf 91' lang='lat' dir='ltr'>cum</span> <span class='ocrx_word' id='word_1_265' title='bbox 741 3067 883 3128; x_wconf 86' lang='lat' dir='ltr'>Romulus</span> <span class='ocrx_word' id='word_1_266' title='bbox 898 3069 926 3128; x_wconf 83' lang='lat' dir='ltr'>vi</span> <span class='ocrx_word' id='word_1_267' title='bbox 940 3087 972 3129; x_wconf 87' lang='lat' dir='ltr'>se</span> <span class='ocrx_word' id='word_1_268' title='bbox 984 3067 1085 3128; x_wconf 85' lang='lat' dir='ltr'>defen·</span> 
     </span>
     <span class='ocr_line' id='line_1_35' title="bbox 131 3148 1084 3231; baseline -0.002 -19"><span class='ocrx_word' id='word_1_269' title='bbox 131 3151 362 3223; x_wconf 84' lang='lat' dir='ltr'>disset,llemum</span> <span class='ocrx_word' id='word_1_270' title='bbox 374 3154 497 3231; x_wconf 85' lang='lat' dir='ltr'>cepisse,</span> <span class='ocrx_word' id='word_1_271' title='bbox 510 3158 628 3231; x_wconf 87' lang='lat' dir='ltr'>captum</span> <span class='ocrx_word' id='word_1_272' title='bbox 639 3153 703 3229; x_wconf 83' lang='lat' dir='ltr'>regi</span> <span class='ocrx_word' id='word_1_273' title='bbox 714 3149 829 3212; x_wconf 79' lang='lat' dir='ltr'>dmulio</span> <span class='ocrx_word' id='word_1_274' title='bbox 838 3151 997 3212; x_wconf 86' lang='lat' dir='ltr'>tradidisse</span> <span class='ocrx_word' id='word_1_275' title='bbox 1007 3148 1084 3211; x_wconf 90' lang='lat' dir='ltr'>ultro</span> 
     </span>
     <span class='ocr_line' id='line_1_36' title="bbox 132 3231 1122 3312; baseline -0.002 -16"><span class='ocrx_word' id='word_1_276' title='bbox 132 3241 312 3297; x_wconf 89' lang='lat' dir='ltr'>accusantes.</span> <span class='ocrx_word' id='word_1_277' title='bbox 349 3237 466 3297; x_wconf 89' lang='lat' dir='ltr'>crimini</span> <span class='ocrx_word' id='word_1_278' title='bbox 486 3237 613 3297; x_wconf 79' lang='lat' dir='ltr'>maxime</span> <span class='ocrx_word' id='word_1_279' title='bbox 636 3234 744 3296; x_wconf 91' lang='lat' dir='ltr'>dabant</span> <span class='ocrx_word' id='word_1_280' title='bbox 758 3235 795 3294; x_wconf 91' lang='lat' dir='ltr'>in</span> <span class='ocrx_word' id='word_1_281' title='bbox 810 3232 975 3296; x_wconf 80' lang='lat' dir='ltr'>&#39;Numitoris</span> <span class='ocrx_word' id='word_1_282' title='bbox 998 3231 1122 3312; x_wconf 75' lang='lat' dir='ltr'>agros4</span> 
     </span>
     <span class='ocr_line' id='line_1_37' title="bbox 132 3316 1084 3398; baseline -0.001 -19"><span class='ocrx_word' id='word_1_283' title='bbox 132 3317 167 3379; x_wconf 91' lang='lat' dir='ltr'>ab</span> <span class='ocrx_word' id='word_1_284' title='bbox 187 3320 224 3381; x_wconf 89' lang='lat' dir='ltr'>iis</span> <span class='ocrx_word' id='word_1_285' title='bbox 244 3320 387 3398; x_wconf 87' lang='lat' dir='ltr'>impetum</span> <span class='ocrx_word' id='word_1_286' title='bbox 410 3320 490 3388; x_wconf 89' lang='lat' dir='ltr'>deri;</span> <span class='ocrx_word' id='word_1_287' title='bbox 519 3319 589 3381; x_wconf 87' lang='lat' dir='ltr'>inde</span> <span class='ocrx_word' id='word_1_288' title='bbox 614 3337 664 3380; x_wconf 89' lang='lat' dir='ltr'>eos</span> <span class='ocrx_word' id='word_1_289' title='bbox 691 3316 813 3378; x_wconf 89' lang='lat' dir='ltr'>collecta</span> <span class='ocrx_word' id='word_1_290' title='bbox 835 3317 973 3378; x_wconf 84' lang='lat' dir='ltr'>iuvenum</span> <span class='ocrx_word' id='word_1_291' title='bbox 995 3334 1084 3378; x_wconf 91' lang='lat' dir='ltr'>manu</span> 
     </span>
     <span class='ocr_line' id='line_1_38' title="bbox 131 3398 1085 3482; baseline 0 -20"><span class='ocrx_word' id='word_1_292' title='bbox 131 3401 267 3465; x_wconf 89' lang='lat' dir='ltr'>hostilem</span> <span class='ocrx_word' id='word_1_293' title='bbox 286 3405 318 3463; x_wconf 92' lang='lat' dir='ltr'>in</span> <span class='ocrx_word' id='word_1_294' title='bbox 339 3403 459 3465; x_wconf 91' lang='lat' dir='ltr'>modum</span> <span class='ocrx_word' id='word_1_295' title='bbox 471 3403 599 3482; x_wconf 85' lang='lat' dir='ltr'>praedas</span> <span class='ocrx_word' id='word_1_296' title='bbox 614 3419 711 3482; x_wconf 79' lang='lat' dir='ltr'>agere.</span> <span class='ocrx_word' id='word_1_297' title='bbox 742 3401 785 3462; x_wconf 91' lang='lat' dir='ltr'>sic</span> <span class='ocrx_word' id='word_1_298' title='bbox 800 3398 945 3462; x_wconf 87' lang='lat' dir='ltr'>Numitori</span> <span class='ocrx_word' id='word_1_299' title='bbox 963 3401 999 3462; x_wconf 92' lang='lat' dir='ltr'>ad</span> <span class='ocrx_word' id='word_1_300' title='bbox 1015 3419 1085 3480; x_wconf 88' lang='lat' dir='ltr'>sup·</span> 
     </span>
     <span class='ocr_line' id='line_1_39' title="bbox 132 3485 522 3564; baseline 0 -18"><span class='ocrx_word' id='word_1_301' title='bbox 132 3485 252 3564; x_wconf 91' lang='lat' dir='ltr'>plioium</span> <span class='ocrx_word' id='word_1_302' title='bbox 268 3487 378 3548; x_wconf 86' lang='lat' dir='ltr'>Remus</span> <span class='ocrx_word' id='word_1_303' title='bbox 398 3486 522 3548; x_wconf 87' lang='lat' dir='ltr'>deditur.</span> 
     </span>
    </p>
   </div>
   <div class='ocr_carea' id='block_1_6' title="bbox 0 0 1286 3954">
    <p class='ocr_par' dir='ltr' id='par_1_9' title="bbox 0 0 1286 3954">
     <span class='ocr_line' id='line_1_40' title="bbox 0 0 1286 3954; baseline 0 0"><span class='ocrx_word' id='word_1_304' title='bbox 0 0 1286 3954; x_wconf 95' lang='lat' dir='ltr'> </span> 
     </span>
    </p>
   </div>
  </div>
 </body>
</html>
