2534 3956
181 231 242 295 278
387 245 482 286 urrann
496 245 527 287 v.
552 243 623 286 one.
638 235 681 288 21.
707 221 746 305 [e.
761 245 791 282 u,
808 244 835 286 c.
851 217 912 302 358]

182 402 338 475 superante
353 391 538 454 multitudine
550 392 586 452 ab
603 391 741 454 omnibus
751 389 826 452 locis
837 390 943 452 urbem
958 389 1140 467 adgreditur,
1254 415 1257 420 ·

182 498 241 557 quo
262 480 359 539 minor
384 476 420 538 ab
442 475 579 538 cuniculo
599 475 764 554 ingruentis
784 474 909 554 periculi
928 491 1033 536 sensus
1053 481 1141 536 esset

147 571 164 623 b
182 564 317 625 Veientes
327 562 423 640 ignari
434 579 467 622 se
481 562 540 620 iam
555 578 571 620 a
586 561 648 621 suis
661 559 789 630 ratibus,
804 560 864 619 iam
875 557 912 618 ab
928 559 1058 620 externis
1073 575 1142 618 ora·
1254 620 1257 634 ¹

182 647 256 708 culis
274 647 423 725 proditos,
439 645 498 705 iam
514 645 546 703 in
561 651 677 722 partem
692 643 822 722 praedae
836 659 908 704 suae
924 649 1042 703 vocatos
1057 643 1141 714 deos,

182 730 254 792 alios
271 731 345 793 rotis
361 746 397 792 ex
412 727 487 789 urbe
503 746 556 788 sua
573 734 707 789 evocatos
720 727 849 789 hostium
865 724 975 806 templa
989 742 1143 804 novasque

146 815 266 888 esedes
283 821 434 893 spectare,
461 829 553 888 seque
575 810 711 872 ultimum
731 811 815 872 illum
838 811 917 872 diem
939 827 1041 888 agere,
1065 809 1142 870 nihil

180 901 277 959 minus
293 899 430 958 timentes
445 912 533 972 quam
553 894 685 956 subrutis
705 893 842 956 cuniculo
863 893 1019 956 moenibus
1040 912 1142 955 arcem

180 983 238 1042 iam
259 980 377 1060 plenam
393 978 523 1041 hostiurn
545 998 625 1050 esse,
645 981 676 1040 in
696 997 798 1041 muros
820 997 876 1058 pro
896 997 928 1040 se
952 979 1078 1056 quisque
1093 997 1143 1038 ar·

146 1067 250 1135 amati
264 1065 436 1126 discurrunt
449 1065 606 1132 mirantes,
632 1063 773 1143 quidnam
792 1064 823 1124 id
839 1070 931 1133 esset,
952 1062 1046 1140 quod,
1071 1079 1143 1122 eum

180 1156 224 1210 tot
236 1167 291 1232 per
302 1149 365 1210 dies
375 1165 463 1211 nemo
477 1167 509 1210 se
523 1147 559 1210 ab
572 1147 747 1210 stationibus
754 1147 905 1208 Romanus
918 1147 1063 1216 movisset,
1076 1153 1143 1206 tum

179 1233 258 1296 velut
274 1234 431 1313 repentino
447 1234 499 1294 icti
516 1231 619 1293 lurore
637 1231 785 1311 inprovidi
802 1237 959 1293 currerent
973 1230 1009 1291 ad
1025 1247 1141 1290 murce.

146 1320 162 1370 8
239 1318 382 1380 inseritur
397 1315 544 1379 huicloco
559 1315 673 1377 iabula:
700 1314 871 1377 immolante
888 1333 960 1393 rege
973 1313 1143 1376 Veientium

181 1419 281 1463 vocem
306 1401 473 1480 haruspicis
493 1401 634 1471 dicentis,
656 1401 708 1478 qui
732 1401 795 1461 eius
811 1400 926 1461 hostiae
946 1405 1012 1471 exta
1034 1415 1142 1475 prose·

181 1488 302 1555 auisset,
319 1487 346 1547 ci
360 1484 513 1546 victoriam
529 1484 607 1554 dari,
630 1484 795 1545 exauditam
810 1485 841 1543 in
859 1482 996 1544 cuniculo
1012 1483 1143 1543 movisse

180 1569 328 1630 Romanos
348 1567 471 1638 milites,
493 1576 526 1629 ut
548 1567 689 1646 adaperto
713 1566 850 1629 cuniculo
871 1574 936 1640 exta
955 1573 1096 1644 raperent
1111 1573 1143 1626 et

144 1669 161 1720 o
180 1653 216 1714 ad
234 1652 407 1714 dictatorem
423 1651 546 1714 ferrent.
576 1653 630 1712 sed
651 1652 683 1712 in
700 1651 792 1714 rebus
806 1658 865 1712 tam
880 1651 1007 1729 antiquis
1022 1651 1048 1710 si
1062 1667 1142 1728 quae

179 1736 284 1798 similia
296 1737 359 1798 veri
369 1737 442 1807 sint,
458 1753 514 1816 pro
528 1737 605 1798 reris
617 1736 814 1814 accipiantur,
827 1737 896 1797 satis
907 1733 1048 1797 habeam:
1064 1733 1143 1794 haec

179 1820 216 1882 ad
231 1820 454 1881 ostentationem
470 1837 576 1882 scenae
592 1819 745 1898 gaudentis
759 1817 908 1880 miraculis
924 1819 1037 1896 aptiora
1049 1834 1141 1895 quarn

179 1904 216 1964 ad
227 1904 429 1982 tidem'neque
444 1905 601 1966 adfirmare
616 1920 715 1981 neque
729 1901 869 1965 refellere
885 1919 995 1982 operae
1008 1901 1142 1980 pretium

131 1997 162 2050 ιο
180 1996 232 2050 est.
269 1987 429 2049 Cuniculus
451 1987 572 2050 delectis
593 1985 735 2048 militibus
757 2007 793 2048 eo
817 1993 952 2065 tempore
974 1985 1081 2064 plenus
1106 1987 1139 2050 ir.

179 2073 251 2134 aede
272 2071 408 2143 lunonis,
427 2089 503 2150 quae
523 2073 555 2132 in
569 2072 728 2134 Veientana
750 2089 818 2132 arce
841 2078 918 2141 erat,
941 2076 1068 2130 armatos
1090 2087 1136 2130 re·

177 2163 267 2235 pente
289 2155 388 2218 edidit.
421 2163 450 2218 et
471 2172 541 2234 pars
561 2172 681 2216 aversos
703 2157 735 2215 in
757 2155 850 2216 muris
869 2154 1012 2215 invadunt
1026 2151 1139 2223 hostes,

177 2257 247 2318 pars
268 2238 395 2301 claustra
421 2246 576 2317 portarum
600 2236 761 2310 revellunt,
787 2257 872 2318 pars,
903 2247 971 2298 cum
995 2237 1142 2298 extortis

178 2341 247 2383 saxa
262 2320 438 2400 tegulaeque
453 2341 469 2383 a
486 2321 660 2384 mulieribus
684 2341 719 2384 ac
741 2323 867 2384 servitiis
886 2323 1068 2391 iacerentur,
1090 2323 1140 2380 in·

130 2421 158 2471 11
177 2406 277 2466 ferunt
299 2406 393 2484 ignes.
424 2406 535 2468 clamor
557 2407 657 2468 omnia
676 2408 765 2468 variis
784 2407 961 2469 terrentium
977 2423 1012 2467 ao
1027 2421 1139 2483 paven-

177 2490 252 2551 tium
268 2490 389 2552 vocibus
405 2492 495 2552 mixto
513 2489 672 2554 mulierum
693 2508 728 2552 ao
746 2509 908 2571 puerorum
922 2489 1040 2570 ploratu
1055 2506 1139 2548 com-

129 2590 160 2639 12
176 2572 247 2654 piet
277 2581 426 2636 momento
440 2576 583 2654 temporis
595 2575 716 2638 delectis
728 2595 764 2637 ex
778 2592 864 2636 muro
876 2575 1007 2653 undique
1017 2573 1140 2635 muratis

176 2658 388 2737 patefactisque
402 2659 496 2737 portis
513 2675 580 2720 cum
596 2657 645 2720 alii
656 2661 773 2737 agmine
784 2660 955 2729 inruerent,
971 2656 1022 2719 alii
1036 2658 1138 2718 deser·

176 2747 223 2802 tos
244 2743 421 2804 scanderent
440 2758 557 2814 muros,
578 2742 650 2804 urbs
671 2743 805 2804 hostibus
826 2743 972 2823 inpletur,
999 2739 1139 2802 omnihus

129 2833 160 2886 13
177 2823 251 2886 locis
261 2834 419 2904 pugnatur.
451 2826 558 2888 deinde
568 2826 660 2889 multa
673 2828 732 2889 iam
747 2827 823 2890 edita
837 2827 928 2890 caede
940 2825 1067 2889 senescit
1081 2841 1137 2903 pu·

180 2925 252 2984 gna,
269 2915 298 2970 et
322 2909 448 2991 dictator
468 2929 633 2990 praecones
658 2911 775 2974 edicere
794 2910 893 2982 iubet,
914 2918 948 2972 ut
967 2909 1004 2972 ab
1027 2909 1138 2970 inermi

129 3005 160 3058 14
177 2990 366 3054 abstineatur.
393 2995 419 3056 is
430 2995 496 3057 linis
508 2997 658 3074 sanguinis
668 2996 732 3056 luit.
761 2996 829 3058 dedi
843 2996 913 3057 inde
923 2997 1054 3057 inermes
1068 3011 1137 3054 coe-

177 3077 234 3154 pti,
262 3084 290 3139 et
312 3077 349 3138 ad
371 3080 511 3161 praedam
534 3079 619 3141 miles
640 3081 788 3159 permissu
810 3080 960 3142 dictatoris
986 3078 1135 3140 discurrit.

178 3177 337 3236 quaecum
353 3170 420 3225 ante
435 3163 537 3225 oculos
549 3165 612 3224 eius
627 3163 809 3241 aliquantum
823 3182 877 3243 spe
891 3170 979 3242 atque
996 3163 1137 3241 opinione

178 3246 272 3305 maior
288 3247 468 3326 maiorisque
483 3248 571 3324 pretii
585 3265 686 3308 rerum
700 3246 845 3317 ferretur,
861 3247 970 3308 dicitur
983 3243 1087 3306 manus
1098 3243 1135 3304 ad

129 3339 160 3390 15
178 3327 292 3389 caelum
305 3329 412 3392 tollens
423 3338 560 3409 precatus
572 3349 653 3402 esse,
669 3337 715 3400 ut,
731 3332 756 3391 si
769 3333 817 3393 eui
829 3332 954 3392 deorum
965 3330 1136 3390 hominum·

178 3428 236 3488 quc
250 3413 339 3473 nimia
361 3432 413 3475 sua
436 3415 553 3475 fortuna
570 3412 738 3493 populique
759 3415 885 3477 Romani
909 3415 1075 3483 rideretur,
1102 3418 1137 3472 ut

178 3512 244 3556 eam
253 3495 391 3556 invidiam
402 3496 496 3560 lenire
512 3514 600 3574 quarn
616 3499 739 3558 minimo
751 3517 805 3559 suo
815 3500 930 3579 privato
944 3494 1136 3558 incommodo
