2580 3954
285 219 400 260 -nrnun
416 219 464 261 111.
492 217 561 262 oar.
576 209 619 266 bl·
637 209 681 265 58.
702 201 742 280 [a.
761 199 796 262 O.
820 209 872 273 aas
887 200 977 282 (148)]
1050 205 1110 268 181

159 369 235 428 mior
247 370 392 429 exercitus
403 367 466 428 luit.
489 369 661 446 priusquam
671 367 777 428 urbem
788 367 1014 446 egrederentur,
1030 365 1111 446 leges
1130 377 1162 429 to

158 450 382 522 decemvirales,
398 449 505 527 quibus
519 449 627 512 tabulis
642 450 798 512 duodecim
812 456 857 512 est
871 467 995 520 nomen,
1013 452 1045 510 in
1060 467 1111 514 aes

156 535 265 594 incisas
280 535 310 594 in
326 533 446 613 publico
462 539 691 612 proposuerunt
721 540 789 595 sunt
807 535 863 612 qui
879 535 962 594 iussu
976 532 1111 595 tribuno·

154 633 223 678 rum
238 616 347 680 aediles
361 617 476 678 Iunctos
492 634 527 678 eo
540 617 703 678 munisterio
718 615 858 679 scribant.

218 699 314 762 LVIII.
343 701 373 763 C.
401 699 552 770 Claudius,
575 701 627 776 qui
645 716 772 778 perosus
792 701 1036 762 decemvirorum
1048 712 1144 763 sce-1

154 781 218 845 Iera
234 791 263 844 et
275 790 343 846 ante
359 800 461 844 omnes
476 783 575 844 lratris
588 781 631 843 illi
650 782 807 861 superbiae
826 783 949 846 Infestus
963 782 1110 860 Regillum

154 867 304 944 antiquam
314 867 345 928 in
359 867 484 946 patriam
497 885 530 927 se
541 865 719 935 contulerat,
733 867 877 944 ismagno
888 867 947 928 Iam
958 876 1029 927 natu
1043 885 1111 928 cum

153 949 191 1011 ad
209 949 341 1028 pericula
359 953 423 1011 eius
439 949 626 1028 deprecanda
642 949 783 1020 redIsset,
803 952 887 1012 cuius
901 951 969 1010 vitia
984 950 1110 1028 lugeret,

152 1031 319 1094 sordidatus
334 1051 401 1094 cum
417 1031 576 1110 gentilibus
591 1031 808 1110 nitentibusque
823 1034 855 1092 in
869 1033 935 1093 foro
951 1032 1112 1112 prensabat

152 1114 284 1194 sIngados
300 1116 475 1194 orabatque,
491 1133 530 1178 uc
546 1115 683 1178 Claudiae
698 1117 778 1194 genti
789 1132 854 1178 eam
868 1117 996 1177 inustam
1010 1134 1110 1178 macu-
1126 1125 1144 1174 2

151 1197 210 1261 lam
220 1197 344 1271 vellent,
360 1208 394 1262 ut
406 1217 528 1261 carcere
545 1206 574 1260 ct
583 1197 706 1260 viriculis
716 1198 886 1261 viderentur
897 1199 987 1278 digni.
1013 1200 1111 1262 virum

84 1363 86 1366 Ι
150 1282 395 1346 honoratissimae
413 1283 551 1360 lmagInis
570 1281 702 1343 futurum
723 1282 760 1342 ad
776 1288 930 1360 posteros,
950 1281 1050 1361 legum
1067 1283 1110 1344 la-

101 1397 105 1405 ·
150 1374 246 1428 torem
264 1367 506 1443 conditoremque
520 1365 647 1426 Romani
659 1366 748 1435 iuris,
772 1367 870 1426 iacere
889 1367 1018 1428 vinctum
1032 1369 1110 1428 inter

149 1449 232 1510 iures
246 1457 408 1513 nocturnos
423 1467 458 1510 ac
471 1448 618 1510 latrones!
642 1455 809 1511 cremarent
830 1447 929 1510 abira
949 1467 1109 1528 parumper
1127 1456 1144 1508 3

150 1533 187 1594 ad
204 1535 405 1612 cognitionem
420 1533 686 1610 cogitationemque
702 1534 829 1603 animos,
852 1539 881 1594 et
897 1534 996 1612 potius
1017 1550 1110 1594 unum

148 1623 192 1677 tot
213 1614 341 1679 Claudiis
369 1615 597 1696 deprecantibus
626 1616 843 1686 condonarent,
872 1632 960 1695 quam
986 1623 1109 1696 propter

148 1701 237 1760 unius
258 1699 358 1780 odium
378 1699 539 1760 multorum
554 1717 660 1778 preces
675 1706 914 1778 aspernarentur.
943 1716 1109 1777 aequoque
1125 1701 1144 1752 4

147 1782 178 1842 id
193 1784 298 1860 generi
311 1801 344 1844 ac
361 1784 475 1843 nomini
492 1783 579 1852 dare,
602 1798 658 1844 nec
674 1800 740 1842 cum
756 1799 791 1844 eo
804 1783 835 1841 in
848 1784 971 1860 gratiam
985 1783 1107 1854 redisse,

149 1867 234 1927 cuius
250 1865 388 1928 adversae
410 1865 548 1926 fortunae
566 1864 636 1926 velit
655 1881 837 1928 succursum.
868 1867 974 1928 virtute
989 1864 1108 1928 liberta·

147 1956 208 2010 tom
229 1957 435 2028 recuperatam
461 1967 543 2019 esse,
570 1947 726 2010 clementia
751 1948 943 2010 concordiam
970 1949 1109 2010 ordinum

147 2030 272 2094 stabiliri
283 2051 380 2112 posse.
406 2039 491 2094 erant
502 2049 576 2110 quos
587 2038 719 2093 moveret
732 2049 784 2093 sua
796 2034 889 2110 magis
899 2033 1008 2111 pietate
1020 2048 1109 2109 quam
1125 2041 1142 2092 5

149 2116 226 2185 eins,
243 2133 372 2196 proquo
388 2113 510 2193 agebat,
526 2132 622 2178 causa.
652 2115 704 2178 sed
719 2116 876 2193 VergInius
890 2117 936 2178 sui
957 2117 1055 2196 potius
1076 2122 1109 2176 ut

148 2199 361 2262 misererentur
377 2198 481 2261 orabat
491 2198 644 2277 tiliaeque,
658 2216 714 2261 nec
725 2200 820 2277 gentis
833 2198 971 2261 Claudiae
981 2215 1108 2277 regnum

147 2283 178 2341 in
199 2281 318 2360 plebem
338 2285 459 2345 sortitae
480 2283 533 2344 sed
563 2283 801 2345 necessariorum
821 2283 992 2361 Verginiae,
1017 2283 1108 2344 trium

146 2364 349 2437 tribunorum,
363 2383 469 2446 preces
481 2365 632 2436 audirent,
644 2367 696 2443 qui
707 2366 743 2426 ad
754 2364 895 2427 auxilium
907 2365 1003 2444 plebis
1014 2367 1108 2428 creati

146 2449 205 2527 ipsi
220 2448 315 2528 plebis
329 2449 419 2512 fidem
429 2454 518 2528 atque
529 2448 669 2510 auxillum
682 2448 875 2528 implorarent
902 2451 1040 2511 Iustiores
1050 2447 1107 2511 hae
1124 2449 1141 2504 θ

148 2530 296 2594 lacrumae
316 2533 500 2595 ridebantur.
531 2534 630 2611 Itaque
653 2549 706 2610 spe
720 2533 828 2602 incisa,
847 2532 1020 2610 priusquam
1036 2549 1106 2610 pro·

150 2614 226 2676 dicta
241 2616 304 2677 dios
319 2616 446 2686 adesset,
465 2616 577 2696 Appius
590 2624 717 2676 mortem
730 2614 788 2676 sibi
803 2616 952 2676 conscivit.

181 2757 185 2764 .
214 2698 344 2760 Subinde
356 2706 491 2778 arreptus
503 2699 561 2761 aP.
573 2699 739 2760 Numitorio
752 2699 802 2777 Sp.
814 2696 941 2777 Oppius,
954 2701 1107 2777 proximus
1125 2699 1141 2748 7

148 2782 291 2854 inridIae,
312 2783 392 2860 quod
411 2784 443 2842 in
464 2783 539 2845 urbe
560 2784 671 2851 luerat,
694 2799 761 2842 oum
781 2782 907 2844 iniustae
928 2783 1105 2844 vindiciaea

149 2863 262 2944 collega
276 2867 455 2931 dicerentur.
490 2865 557 2946 plus
574 2872 673 2926 tamen
688 2864 763 2926 iacta
777 2865 885 2925 Iniuria
900 2865 996 2945 Oppio
1019 2883 1107 2944 wem
1123 2870 1141 2922 8

149 2965 210 3008 non
224 2948 372 3026 prohibita
387 2949 514 3012 murtae
528 2949 607 3010 lecit.
634 2949 717 3009 testis
732 2949 909 3026 productus,
929 2953 979 3028 qui
993 2957 1106 3028 septem

149 3039 179 3094 et
194 3032 296 3108 viginti
309 3035 487 3094 enumeratis
503 3031 656 3111 stipendis
671 3033 783 3092 octiens
799 3038 880 3093 extra
899 3032 1034 3094 ordinem
1053 3033 1105 3092 do·

149 3121 253 3186 natus,
281 3114 417 3191 donaque
441 3133 475 3176 ea
500 3133 606 3194 gerens
628 3117 660 3174 in
685 3121 846 3194 conspectu
872 3114 989 3193 populi,
1016 3116 1106 3176 scissa

148 3205 228 3260 reste
243 3204 358 3276 tergum
369 3196 530 3259 laceratum
541 3200 632 3276 virgis
648 3198 774 3260 ostendit
788 3195 913 3258 nihilum
932 3198 1104 3277 deprecans,

149 3284 233 3358 quin,
260 3284 286 3343 si
308 3297 396 3360 quam
415 3299 498 3342 suam
519 3298 627 3343 noxam
641 3300 710 3344 reus
725 3281 824 3344 dicem
844 3289 958 3360 posset,
977 3282 1105 3359 privatus

147 3366 256 3426 iterum
277 3368 361 3427 inse
384 3365 518 3426 saevIret.
548 3364 660 3444 Oppius
680 3381 798 3444 quoque
820 3365 924 3426 ductus
943 3366 975 3425 in
989 3362 1140 3424 uacuae

150 3455 209 3519 est,
227 3455 256 3510 et
271 3456 337 3511 anto
348 3449 451 3510 ludIcii
462 3447 541 3510 diem
554 3449 643 3510 finem
654 3447 697 3510 ibi
709 3451 784 3510 ritae
795 3447 873 3510 lecit.
900 3447 977 3508 bona
993 3446 1106 3509 Claudii
1123 3440 1156 3493 ¹⁰

11 3521 13 3594 t

11 3597 13 3632 l
