2534 3956
292 214 388 257 monn
405 215 447 257 vr.
472 214 542 257 ose.
556 205 600 257 42.
624 190 667 276 [a.
680 194 714 255 O.
729 202 790 258 368.
807 192 869 275 367]
954 153 957 158 ἱ
1000 197 1061 258 357

100 373 189 443 parte
205 363 242 424 de
256 359 345 440 plebe
357 361 493 422 creandis
514 360 611 439 legem
629 358 788 438 pertulere.
821 361 911 421 creati
927 360 1057 437 quinque

99 453 238 525 patrum,
262 446 392 522 quinque
411 443 523 522 plebis;
547 443 699 522 graduque
721 461 756 506 eo
780 444 838 502 iam
858 443 903 502 ria
923 442 998 502 iacta
1019 454 1056 504 ao
1171 449 1175 454 '

101 527 289 590 consulatum
304 525 465 588 ridebatur.
497 525 553 587 hao
568 526 689 587 victoria
702 533 838 587 contenta
853 523 957 603 plebes
970 528 1058 588 cessit
1073 532 1092 583 u

99 609 252 691 patribus,
271 617 304 670 ut
317 611 350 670 ln
363 611 529 689 praesentia
544 607 698 671 consulum
714 610 864 670 mentione
881 609 987 668 omissa
1004 610 1056 668 tri·

99 695 177 756 buni
198 692 322 754 militum
341 699 520 754 crearentur.
552 693 642 752 creati
654 692 686 752 l.
706 699 734 752 et
754 691 791 752 Μ.
810 690 938 754 Cornelii
951 693 1056 752 iterum

99 778 140 838 M.
166 777 312 854 Geganius
333 776 364 838 P.
380 773 505 837 Manlius
525 775 699 836 L.Veturius
724 775 756 835 P.
779 773 911 836 Valerius
933 781 1055 836 sextum.

100 877 171 922 cum
185 865 303 938 praeter
318 857 494 920 Velitrarum
509 856 709 927 obsidionem,
724 858 800 918 tardi
811 857 904 936 magis
918 875 982 917 rcm
997 858 1056 918 exi·
1073 869 1090 917 4

99 952 150 1004 tus
178 959 265 1020 mam
289 941 388 1012 dubii,
415 943 531 1018 quietae
556 947 694 1001 externae
720 958 770 1002 res
789 940 929 1002 llomanis
950 947 1056 1010 esseut,

99 1027 179 1086 lama
195 1041 304 1103 repens
321 1024 392 1087 belli
410 1023 515 1086 Gallici
530 1022 616 1084 allata
639 1023 769 1102 perpulit
789 1026 949 1094 civitatem,
971 1030 1001 1083 ut
1017 1023 1054 1084 ll.

99 1109 210 1169 Furius
225 1107 349 1168 dictator
370 1109 503 1184 quintum
518 1107 675 1168 diceretur.
707 1107 733 1166 is
747 1106 780 1167 T.
798 1104 966 1175 Quinctium
980 1107 1055 1167 Pen-

100 1209 175 1251 num
196 1192 368 1268 magistrum
391 1192 521 1267 equitum
545 1189 626 1250 dixit.
669 1187 809 1250 bellatum
832 1207 900 1250 cum
914 1188 1003 1251 Gallis
1021 1204 1089 1254 eoa

100 1291 181 1334 anno
197 1273 274 1334 circa
289 1274 432 1334 Anienem
448 1272 557 1334 flumen
572 1279 731 1333 auctorest
745 1271 896 1342 Claudius,
913 1271 1055 1332 inclitam-

100 1371 162 1435 que
178 1357 209 1416 iu
224 1363 315 1435 ponte
330 1372 473 1436 pugnam,
496 1373 552 1434 qna
567 1355 600 1416 Τ.
617 1353 741 1416 Manlius
758 1354 889 1425 Gallum,
914 1372 981 1416 cum
997 1371 1055 1432 quo

99 1447 277 1518 provocatus
292 1456 396 1500 manus
417 1440 582 1507 conseruit,
601 1439 631 1496 in
649 1445 809 1517 conspectu
827 1439 952 1500 duorum
971 1455 1055 1500 exer·

100 1523 213 1582 cituum
227 1539 346 1584 caesum
360 1529 465 1601 torque
479 1520 627 1600 spoliavit,
643 1528 705 1581 tum
719 1528 887 1598 pugnatam.
919 1519 1054 1600 pluribus
1071 1533 1088 1584 o

100 1603 273 1666 auctoribus
292 1606 383 1683 magis
404 1605 535 1666 adducor
556 1611 590 1664 ut
606 1603 724 1664 credam
747 1605 850 1666 decem
865 1603 944 1666 haud
959 1605 1055 1664 minus

100 1696 171 1767 post
187 1704 280 1750 anuos
297 1707 331 1750 ea
349 1696 426 1758 acta,
444 1688 501 1748 hoc
518 1695 614 1748 autem
629 1703 706 1747 anno
728 1688 760 1746 in
773 1685 887 1748 Albano
902 1703 973 1765 agro
988 1703 1054 1746 cum

100 1770 193 1833 Gallis
216 1771 358 1832 dictatore
375 1771 412 1831 M.
435 1771 525 1832 Furio
550 1771 633 1848 signa
654 1768 777 1830 conlata.
815 1786 872 1830 nec
890 1769 978 1831 dnbio
998 1779 1088 1830 neca

100 1853 229 1915 difficills
250 1853 405 1924 Romanis,
433 1870 609 1932 quamquam
636 1853 786 1930 ingentem
807 1852 882 1915 Galli
909 1859 1054 1914 terrorem

100 1939 245 1998 memoria
266 1938 408 2017 pristinae
429 1934 520 1998 cladis
542 1934 712 2005 attulerant,
733 1937 855 1997 victoria
871 1935 933 1996 luit.
964 1933 1054 1995 multa

100 2019 182 2080 milia
196 2019 391 2081 barbarorum
411 2021 443 2079 in
457 2021 539 2089 acie,
556 2017 645 2078 multa
661 2020 753 2098 captis
769 2021 872 2080 caenis
888 2036 987 2086 cacsa;
1003 2035 1053 2096 pa·
1072 2030 1089 2080 8

99 2104 153 2164 lati
165 2103 213 2164 alii
224 2102 359 2182 Apuliam
370 2104 495 2164 maxime
506 2109 639 2181 petentes
650 2118 717 2161 cum
731 2102 799 2179 iuga
810 2101 980 2180 longinqua,
993 2108 1054 2161 tum

100 2187 182 2264 quod
206 2187 316 2265 passim
339 2204 390 2247 eos
411 2183 498 2245 simul
517 2201 607 2262 paror
630 2191 790 2256 terrorque
808 2183 996 2256 distulerant,
1018 2183 1054 2244 ab

100 2271 187 2331 hoste
200 2288 265 2331 sese
277 2270 360 2329 tutati
370 2275 447 2330 sunt.
469 2265 605 2327 dictatori
616 2279 762 2324 consensu
773 2269 890 2341 patrum
900 2265 1055 2344 plebisque

100 2351 269 2430 triumphus
284 2351 428 2414 decretus.

165 2433 288 2496 Vixdum
309 2435 498 2512 perfunctum
528 2445 595 2489 enm
617 2425 696 2489 bello
726 2430 855 2488 atrocior
877 2429 957 2490 domi
979 2431 1090 2493 sedi-tt

99 2519 140 2575 tic
156 2519 286 2590 excepit:
304 2524 334 2574 et
349 2531 405 2590 per
420 2511 552 2589 ingentia
563 2512 723 2572 certamina
739 2511 862 2572 dictator
880 2517 1055 2589 senatusque

99 2599 211 2665 victus,
228 2603 260 2656 ut
276 2595 445 2672 rogationes
460 2593 635 2655 tribuniciae
651 2594 872 2676 acciperentur;
895 2602 924 2656 et
939 2595 1055 2655 comitia

100 2676 258 2740 consulum
275 2678 396 2739 adversa
411 2675 562 2738 nobilitate
580 2675 698 2748 habita,
715 2675 821 2754 quibus
839 2677 872 2738 L.
890 2678 1004 2739 Sextius
1019 2677 1055 2738 de

100 2760 189 2841 plebe
207 2762 322 2839 primus
346 2759 448 2823 consul
467 2760 570 2820 lactus.
604 2767 633 2820 et
646 2777 685 2821 nc
701 2761 727 2820 is
742 2759 861 2837 quidem
877 2760 944 2821 finis
960 2767 1054 2822 certa·
1075 2775 1106 2825 10

101 2846 215 2906 minum
239 2843 302 2904 luit.
340 2845 407 2922 quia
426 2843 543 2923 patricii
563 2862 595 2904 se
615 2849 751 2904 auctores
773 2843 888 2904 tuturos
908 2841 1055 2921 negabant

102 2943 197 3006 prope
225 2928 423 2989 secessionem
444 2925 540 3005 plebis
565 2943 613 2988 res
633 2924 841 3004 terribilesque
868 2925 940 2988 alias
960 2927 1055 2986 minas

103 3007 232 3069 ciuilium
246 3011 438 3072 certaminum
451 3010 537 3078 venit,
549 3027 616 3070 cum
626 3015 724 3070 tamen
734 3027 789 3087 per
802 3009 972 3071 dictatorem
984 3026 1053 3069 con·
1072 3019 1103 3070 11

102 3090 270 3152 dicionibus
284 3093 401 3154 sedatae
417 3092 581 3153 discordiae
602 3099 682 3162 sunt,
702 3109 934 3169 concessumque
949 3090 984 3151 ab
1000 3108 1053 3150 no·

102 3173 216 3236 bilitate
228 3173 308 3252 plebi
322 3173 489 3237 deconsule
499 3174 626 3253 plebeio,
638 3192 655 3236 a
666 3173 753 3253 plebe
765 3173 909 3236 nobilitati
921 3175 957 3235 de
967 3191 1053 3253 prae·

104 3261 170 3314 tore
186 3271 256 3325 uno,
275 3257 327 3332 qui
339 3257 385 3318 ius
397 3258 427 3318 in
443 3256 517 3318 urbe
531 3258 651 3329 diceret,
665 3278 700 3320 cx
712 3258 847 3338 patribus
858 3261 996 3322 creando.
1017 3262 1056 3322 ita
1077 3270 1108 3320 te

106 3334 142 3394 ab
168 3337 284 3398 diutina
308 3339 353 3399 ira
375 3341 495 3402 taudem
511 3341 542 3400 in
557 3343 746 3403 concordiam
763 3343 891 3405 redactis
908 3344 1062 3404 ordinibus

104 3435 171 3479 cum
204 3422 322 3500 dignam
342 3441 405 3483 eam
429 3442 493 3484 rem
510 3431 630 3486 senatos
646 3435 781 3488 censeret
797 3447 875 3498 esse,
896 3430 1061 3506 meritoque
