2580 3954
272 255 366 296 einen
381 255 424 298 ιι.
448 223 519 295 ber.
539 247 564 298 l.
579 245 604 296 2.
636 235 674 316 [e.
694 235 765 296 Chr.
783 234 917 315 meme]
1017 241 1077 303 197

116 407 141 469 el
153 405 252 474 lieret,
275 420 336 463 non
350 401 464 480 volgari
483 403 573 463 modo
586 419 655 462 cum
670 404 795 473 infimis,
817 402 869 463 sed
886 420 1010 482 prorsus
1025 422 1076 465 au-

115 489 219 552 lerrla
236 485 420 566 primoribus
432 487 471 546 ad
485 484 604 564 plebem
621 504 770 547 summum
792 487 950 564 imperium
973 488 1076 550 crede·

115 571 196 634 baut.
234 570 303 632 laeti
325 587 397 647 ergo
418 570 539 632 audiere
561 577 661 649 patres
682 571 853 632 Ardeatium
872 569 1017 648 populum
1038 570 1110 633 obt

115 657 256 719 iniuriam
271 655 336 732 agri
350 652 510 715 abiudicati
525 653 673 724 descisso,
689 660 719 714 et
729 655 866 716 Veientes
881 653 1076 732 depopulatos

116 746 248 802 extrema
266 739 330 815 agri
345 737 489 808 Romani,
511 746 540 798 et
554 737 677 800 Vulscos
690 738 868 816 Aequosque
889 736 927 798 cb
945 755 1077 800 commu·
1160 813 1163 818 Ι

115 825 208 884 uitam
223 822 420 899 Verruginem
434 821 580 883 fremere:
599 821 673 882 adeo
686 821 732 883 rel
746 821 850 882 infelix
863 819 977 883 bellum
992 823 1077 900 igno·

115 908 259 968 miniosae
274 907 343 983 paci
354 903 572 983 praeferebant.
600 905 648 966 bis
657 906 758 984 itaque
769 908 800 966 in
814 907 910 967 maius
924 907 1013 966 etiam
1028 924 1076 966 ac·
1094 929 1110 979 5

115 990 220 1071 ceptis,
233 995 266 1049 ut
275 991 354 1050 inter
365 989 523 1068 strepitum
534 996 578 1050 tot
587 987 737 1050 bellorum
743 991 974 1051 conticiscerent
984 992 1076 1051 actio·

115 1093 169 1136 nes
178 1073 366 1142 tribuniciae,
381 1071 507 1134 dilectus
518 1071 632 1144 haberi,
645 1073 757 1135 bellum
768 1091 910 1152 armaque
922 1077 949 1134 ri
960 1093 1075 1136 summa

115 1157 256 1238 apparari
269 1155 388 1226 iubent,
404 1158 430 1218 si
443 1174 504 1235 quo
519 1157 660 1220 intentius
675 1158 769 1236 possit
783 1175 872 1237 quem
887 1158 920 1218 T.
937 1156 1074 1227 Quinctio

115 1239 239 1304 consule
254 1246 430 1320 apparatum
447 1242 494 1302 sit.
520 1247 584 1300 tum
595 1242 625 1304 C.
638 1239 796 1302 Canuleius
811 1251 906 1320 pauca
923 1242 955 1302 in
971 1250 1075 1303 senatu
1092 1254 1110 1307 o

117 1325 308 1400 vociferatus,
326 1325 506 1403 nequiquam
524 1325 688 1386 territamlo
707 1323 846 1386 cotuules
863 1332 996 1388 avertere
1012 1325 1075 1404 ple·

116 1409 185 1472 bem
205 1425 312 1470 ecura
333 1425 477 1470 novarum
499 1408 613 1486 legurm
637 1427 798 1487 numquam
821 1427 871 1470 eos
892 1427 925 1468 se
947 1410 1012 1468 viro
1031 1409 1075 1470 di·

116 1492 227 1556 lectum
246 1491 417 1560 habituros,
442 1498 602 1570 antequam
614 1511 665 1563 eo,
685 1510 761 1571 quae
781 1491 967 1571 promulgata
984 1492 1021 1554 eb
1043 1512 1074 1554 se

116 1575 299 1655 collegisque
318 1583 434 1646 essem,
451 1575 555 1655 plebes
568 1578 716 1646 scivisset;
734 1583 762 1637 et
777 1576 934 1638 confestim
948 1576 985 1638 ed
1004 1594 1074 1638 con·

115 1662 227 1722 nonem
242 1661 402 1721 advocavit.

177 1743 213 1805 ll.
241 1743 353 1806 liudem
367 1752 503 1822 tempore
519 1752 549 1805 et
560 1741 699 1804 consue
714 1745 893 1806 senetumin
911 1742 1074 1814 tribunum,
1095 1755 1107 1804 1

116 1809 147 1891 et
158 1827 297 1889 tribunus
306 1827 473 1907 populum
464 1845 497 1888 m
512 1824 649 1888 consules
663 1826 814 1888 incitabat.
841 1827 989 1906 negabant
1003 1845 1074 1888 con·

115 1910 872 1992 eulesiamultraierripcsselurorestribunieios,
885 1912 1073 1974 ventumiam

115 1996 154 2058 ad
174 1995 264 2058 finem
285 2014 367 2066 esse,
389 1996 470 2057 domi
491 1993 560 2074 plus
582 1992 654 2055 belli
668 1997 813 2056 concitari
825 2014 915 2074 quem
931 1995 1013 2058 ioris
1043 1987 1073 2054 i'd

116 2097 177 2141 uon
193 2080 266 2141 adeo
281 2077 379 2158 plebis
392 2097 481 2158 quam
497 2085 629 2160 patrum,
650 2096 748 2178 neque
768 2079 957 2142 tribunorum
979 2081 1081 2156 magis

116 2179 205 2243 quam
226 2162 381 2225 consulum
397 2163 484 2242 culpa
503 2162 651 2224 accidere
687 2165 770 2224 cuius
791 2165 836 2224 rei
857 2163 1020 2242 praemium
1035 2166 1074 2223 ιιι
1090 2180 1107 2229 2

115 2248 297 2318 incivitate,
320 2265 385 2310 eam
400 2249 535 2310 maximis
558 2263 676 2325 semper
698 2246 834 2310 auctibus
857 2265 1008 2310 crescere:
1029 2248 1107 2316 sica

115 2349 190 2411 pace
203 2329 299 2394 bonos
313 2333 356 2393 sic
370 2329 449 2392 bello
460 2331 535 2394 fleri
553 2331 713 2394 maximum
724 2331 834 2394 Romae
849 2333 1015 2410 praemium
1026 2350 1073 2393 se·

115 2416 267 2476 ditionum
278 2433 359 2486 esse,
379 2423 410 2476 et
424 2415 456 2476 id
469 2414 593 2494 singulo
608 2416 813 2494 universisque
831 2433 956 2498 semper
965 2414 1073 2476 honori

116 2499 217 2560 luisse.
238 2499 517 2569 reminiscerentur,
539 2516 627 2578 quem
643 2501 827 2561 maiestatem
847 2506 968 2563 senatus
983 2499 1041 2578 ipsi
1056 2511 1107 2560 el
1224 2481 1232 2486 ’

118 2579 253 2660 patribus
280 2583 478 2663 recepissent,
500 2599 589 2662 quam
609 2581 712 2644 liberis
734 2582 873 2644 tradituri
892 2589 1008 2652 essent,
1030 2589 1072 2653 ut,

116 2683 206 2746 quem
221 2665 259 2730 ad
274 2665 395 2728 modun
404 2665 507 2746 plebs,
523 2666 645 2745 gloriari
660 2674 781 2746 possent
791 2667 953 2728 auctiorem
969 2665 1072 2745 ampli·

117 2765 344 2829 oremqucesse.
374 2750 464 2814 linem
477 2768 550 2829 ergo
567 2768 628 2812 non
645 2752 724 2821 fleri,
740 2768 796 2814 uec
811 2750 959 2820 futuram,
977 2751 1072 2812 donec

116 2851 205 2912 quam
215 2832 318 2896 felices
328 2835 504 2905 seditiones,
518 2841 580 2898 tam
592 2834 729 2898 honorati
744 2835 923 2898 seditionum
935 2841 1072 2896 auctores

117 2924 226 2978 essent.
262 2935 335 2996 quas
358 2926 542 2998 quantasque
565 2937 615 2981 res
637 2919 668 2980 G,
690 2917 862 2981 Canuleium
886 2919 1107 2997 adgressumlo

117 2998 324 3062 conluvionem
333 3004 481 3079 gentium,
495 3002 751 3083 perturbationem
762 3004 962 3082 auspiciorum
973 3002 1071 3081 publi-
1148 2996 1152 3014 ‘

117 3099 223 3145 eorum
237 3085 479 3165 privatorumque
501 3086 553 3148 adi
551 3104 633 3158 erre,
649 3104 687 3149 ne
708 3087 779 3184 quid
800 3088 925 3156 sinceri,
947 3086 1071 3164 nequid

116 3169 342 3230 incontaminati
356 3171 408 3240 sit,
424 3177 457 3231 ut
470 3170 641 3233 discrimine
654 3172 734 3233 omni
749 3169 865 3232 sublato
876 3188 932 3233 nec
943 3188 976 3230 se
991 3170 1107 3247 quis

116 3269 205 3331 quam
221 3269 278 3313 uec
293 3265 363 3318 suos
384 3254 510 3344 noverit
542 3271 632 3332 quam
652 3257 731 3318 enim
752 3253 839 3316 aliam
864 3255 920 3314 vim
945 3252 1109 3320 conubiae

116 3339 286 3415 promiscua
301 3323 428 3408 habere,
450 3339 508 3398 nisi
528 3345 561 3398 ut
581 3339 712 3400 ferorum
728 3355 823 3418 prope
839 3339 900 3398 ritu
916 3336 1070 3415 vulgentur

116 3420 293 3484 concubitus
314 3421 412 3524 plebis
434 3423 631 3500 patrumque?
651 3423 754 3501 utqui
775 3426 862 3483 natus
882 3423 920 3484 sit
943 3422 1070 3499 ignoret,

116 3505 201 3568 ouius
218 3504 386 3584 sanguinis,
408 3522 536 3587 quorum
550 3523 705 3570 sacrorum
722 3506 774 3578 sit,
797 3505 934 3574 dimidius
953 3513 1072 3584 patrum
