2534 3956
243 226 304 290 336
408 237 504 284 omna
519 237 562 279 vr.
588 234 661 278 oar.
676 225 720 280 ic.
735 223 779 278 nt.
806 210 848 294 [o.
864 213 903 274 U.
920 232 946 272 c.
961 207 1025 292 ³73]

243 387 395 456 dictitans,
417 390 529 445 mcum
551 380 728 460 corporibus
747 382 848 459 vigere
870 387 900 440 et
917 377 1128 440 deflorescere
1147 384 1207 442 oni·

209 483 323 538 omos3
344 474 545 530 cunctatorem
566 484 603 526 ex
625 467 776 527 acerrimo:
789 464 935 532 bellatore
949 461 1081 532 iactum,
1103 470 1137 524 ct
1161 467 1206 542 qui

243 553 405 615 adveniens
419 558 515 613 castra
535 549 684 626 urbesque
703 550 802 626 priano
816 551 1052 627 impetrarapere
1074 547 1118 607 sit
1140 547 1206 608 soii·
1238 617 1239 620 Ἴ

209 650 226 702 o
242 646 304 707 tus,
321 653 389 697 eum
402 635 530 697 residem
543 635 619 693 intra
630 631 737 692 vallum
752 639 996 712 temptaciones,
1014 629 1092 707 quid
1107 648 1205 691 acces·
1238 663 1239 693 r

243 737 347 782 surum
373 721 435 780 suis
463 718 690 779 decessurumve
717 715 846 776 bostium
874 712 996 774 viribus·
1010 715 1205 790 sperantem!

142 848 150 867 2
243 821 334 881 quam
348 803 551 871 occasionem,
570 798 648 879 quod
665 805 796 878 tempus,
820 795 1038 877 quommnuiis
1052 797 1204 858 instruen-
1238 809 1239 838 t

209 897 225 946 7
243 888 291 948 dis
303 885 425 946 locumt·
439 885 551 961 iiigere
566 901 600 944 ac
614 889 735 962 torpere
750 884 836 944 senio
847 880 978 942 comnia
1007 879 1067 941 sed
1081 880 1202 942 Camillo
1236 893 1239 964 ᾗ

243 988 310 1030 oum
325 971 409 1029 vitae·
422 969 493 1028 setis
503 974 565 1026 tum
581 965 694 1046 gloriae
711 985 784 1028 essct
813 965 1112 1044 quidnttinerccum
1127 983 1204 1024 mor·

241 1052 293 1112 tali
310 1068 438 1130 corpore
457 1068 517 1112 uno
534 1050 671 1119 civitatis,
692 1066 785 1127 quam
793 1047 979 1117 inmortalem
1001 1065 1068 1119 esse
1090 1047 1202 1116 dewt

209 1151 226 1200 8
242 1137 306 1216 pati·
319 1152 535 1197 consenescere
554 1133 648 1196 vires?
674 1133 721 1194 bis
742 1131 929 1194 sermonibus
942 1138 1002 1192 tota
1018 1132 1050 1190 in
1073 1149 1108 1192 sc
1124 1149 1201 1192 arer-

242 1227 319 1282 terct
341 1227 451 1290 eastra,
481 1226 509 1280 et
536 1235 605 1279 oum
631 1215 768 1277 omnibus
795 1215 869 1277 loeis
895 1221 1071 1294 posceretur
1092 1231 1204 1293 pugna,
1238 1249 1239 1270 2

243 1304 437 1375 „sustineren
444 1303 556 1381 inquit,
569 1303 626 1372 „ii
638 1299 726 1370 Furi,
743 1315 976 1378 nonrpossunrus
987 1299 1139 1376 inrpettrm
1152 1299 1205 1358 mi·

243 1387 344 1457 litum,
368 1393 398 1449 et
420 1388 528 1455 hostis,
550 1388 633 1448 omns
649 1386 767 1444 numios
786 1382 956 1445 cunctando
967 1383 1122 1452 aunimus,
1148 1383 1206 1442 iam

243 1469 537 1536 miraitrtertoicrandu
561 1465 699 1548 superbia
715 1465 843 1532 insultat
875 1467 948 1528 cede
968 1463 1206 1526 unusommbos

208 1556 226 1606 it
244 1559 273 1614 et
285 1559 387 1630 patore
401 1559 431 1613 te
448 1549 680 1621 vincieonsiito,
705 1559 737 1612 ut
751 1548 989 1614 manmostsllo
1003 1550 1139 1609 vincas“⁸
1170 1548 1206 1609 ad

243 1654 277 1697 ea
293 1635 445 1708 Cantilius»,
467 1653 541 1713 quae
554 1633 636 1697 belia-
646 1651 700 1694 suo
715 1635 805 1694 uanius
823 1635 954 1712 auspicio
976 1639 1063 1711 gestu
1078 1632 1120 1692 aui
1140 1649 1206 1693 enm

244 1721 323 1781 diem
337 1725 450 1790 essent,
472 1736 582 1798 negare
603 1722 638 1780 irr
654 1719 696 1780 eis
716 1735 813 1796 neque
827 1735 859 1778 se
873 1733 972 1796 ncqme
985 1714 1133 1796 popurlnm
1146 1715 1205 1776 Ro·

242 1819 370 1862 manum·
385 1811 436 1863 aut
458 1803 573 1864 consilii
594 1806 644 1865 sui
661 1809 712 1862 aut
737 1801 878 1864 formiae
896 1799 1087 1880 poenituisse.
1124 1815 1205 1860 nunc

243 1886 321 1946 sciro
335 1903 368 1946 se
383 1884 533 1964 collegam·
543 1885 655 1948 babere
669 1885 735 1947 iure
758 1885 943 1963 imperioque
957 1899 1077 1963 parem,
1100 1884 1205 1960 vigore

196 1978 226 2030 ιο
244 1970 346 2030 aetatis
359 1975 568 2047 praestantem.
594 1973 693 2046 ithue
711 1987 743 2030 se
759 1967 838 2046 quod
853 1969 890 2030 ad
907 1967 1069 2030 exercitum
1080 1968 1206 2027 attineat

243 2069 354 2128 regere
372 2069 534 2115 consuesse
550 2071 613 2116 non
633 2055 713 2130 regi,
744 2051 875 2130 collegae
899 2051 1058 2131 imperium
1084 2067 1119 2111 se
1144 2067 1205 2111 non

243 2152 332 2212 posse
344 2136 489 2213 inpedire.
520 2136 576 2198 diis
588 2135 667 2198 beno
681 2134 848 2196 iurantibus
864 2142 967 2212 ageret
978 2132 1056 2212 quod
1073 2150 1139 2195 cre
1149 2151 1205 2212 pu·

197 2222 225 2272 11
243 2215 466 2279 blicaducerst.
499 2221 587 2278 aetati
601 2237 672 2279 suae
692 2221 856 2281 souaniam
873 2220 1094 2296 etiampotnre,
1116 2235 1159 2277 ne
1174 2219 1205 2276 io

243 2301 337 2378 prima
355 2301 418 2360 acie
433 2308 525 2362 esset:
554 2317 629 2378 quae
650 2304 730 2364 senis
748 2304 849 2362 munia
869 2303 899 2362 in
919 2301 999 2362 bello
1020 2301 1093 2371 sint,
1115 2302 1205 2361 iisse

243 2399 304 2440 non
318 2381 496 2444 defuturum.
524 2386 554 2445 id
570 2404 587 2446 a
601 2385 656 2446 diis
670 2384 880 2447 inmortalibus
887 2385 1019 2464 precam,
1037 2400 1076 2445 ne
1089 2384 1142 2460 qui
1154 2401 1204 2444 ca·

195 2471 227 2522 12
244 2481 294 2525 sus
310 2483 397 2526 suum
420 2467 574 2528 eonsilium
589 2466 737 2530 laudabile
754 2467 870 2528 efficiat.
900 2485 958 2530 nee
978 2467 1015 2528 ab
1029 2465 1206 2527 bominibus
1238 2493 1239 2502 ¹

245 2547 383 2610 salutaris
398 2554 609 2613 sententiares
623 2572 639 2612 a
654 2553 782 2614 ‹iiis-tam
792 2552 983 2629 piacpreces
994 2550 1110 2611 auditae
1122 2557 1205 2611 sunt

244 2634 372 2708 primam
387 2635 599 2696 aciemauctor
618 2653 735 2714 pugnae
757 2634 891 2704 insinuit,
915 2633 1048 2696 subsidit
1060 2633 1206 2694 Gemilius

245 2721 357 2786 firmat,
388 2716 571 2796 roboamque
593 2722 750 2780 stationem
767 2733 825 2796 pro
845 2719 950 2778 castris
970 2717 1108 2796 opponitz
1137 2719 1207 2795 ipsc

247 2799 325 2859 edito
353 2799 420 2860 icoo
447 2809 596 2879 spectator
622 2805 752 2863 intentus
779 2803 815 2861 inv
838 2807 943 2862 eventu
967 2801 1055 2862 alieni
1082 2800 1206 2862 consilii

247 2883 384 2942 consti-tit.

213 2981 227 3031 1
306 2964 404 3026 X-XiV.
435 2966 526 3027 Simul
539 2970 636 3046 primo
652 2984 800 3030 concursu
815 2984 1017 3047 concrepuere
1031 2984 1131 3038 arma,
1147 2967 1204 3026 ho-

211 3061 228 3110 2
246 3047 299 3108 stis
312 3047 461 3115 doionon
478 3059 559 3113 metu
579 3053 685 3131 pedem
706 3051 828 3113 rettulit.
846 3040 936 3112 Tronis
952 3051 989 3112 ab
1007 3058 1094 3128 tergo
1107 3050 1203 3110 ciivrrs

246 3133 396 3196 eratintcr
407 3135 501 3196 aciem
515 3141 545 3197 ct
556 3142 667 3204 oastrc3
685 3143 715 3198 ct
725 3136 805 3213 quod
816 3133 972 3198 multitudo
983 3133 1197 3214 suppeditabat,

246 3212 480 3294 aliquotraiidas
502 3220 641 3289 cohortes
659 3221 690 3280 in
710 3222 815 3282 castris
835 3227 962 3280 armatas
980 3222 1201 3294 instructasque

245 3299 444 3377 reliquerant,
467 3320 543 3382 quae
561 3305 640 3365 inter
662 3307 851 3366 commissum
870 3303 930 3364 inm
953 3311 1114 3371 commen,
1142 3298 1206 3362 ubi

212 3381 321 3442 avallo
338 3385 602 3465 adpropinquasset
618 3387 728 3459 hostis,
751 3394 950 3466 erumperent.
980 3388 1133 3449 Romanus
1151 3403 1208 3448 oc·

246 3463 363 3526 dentem
384 3467 498 3529 hostem
514 3470 604 3533 effuse
626 3472 778 3549 sequendo
798 3473 829 3532 in
848 3469 1105 3550 loonm'irriquum
1130 3487 1210 3549 per·
