2522 3954
219 223 303 272 exul
326 295 333 306 ‚
395 222 443 270 DE
462 221 536 270 ΤΙΤῙ
554 220 640 269 mvn
663 219 746 268 VlTA
763 220 808 268 ut·
831 219 997 270 SORIPTIE·

219 381 292 456 quod
313 381 487 454 potissimum
504 380 611 438 dicendi
631 395 718 453 genus
732 377 887 454 eligendum
906 386 987 444 esset,
1003 389 1183 455 perspexerat

216 474 245 521 et
261 462 348 521 multo
363 481 415 522 usu
430 465 530 520 indies
545 464 646 521 rectius
664 481 697 521 eo
713 464 755 521 uti
769 462 840 520 haud
855 462 935 520 dubie
951 463 1091 538 didicerat.

275 546 441 624 Quamquam
452 548 532 612 enim,
551 546 623 622 quod
636 564 723 622 genus
734 547 868 604 orationis
884 546 1016 606 historico
1034 549 1182 606 tenendum

217 640 299 696 esset,
310 633 400 690 minus
412 639 471 689 eret
482 632 635 706 quaesitum
640 625 700 705 ²⁰¹),
716 647 796 705 quam
809 631 883 704 quod
898 631 1002 689 oratori
1013 633 1180 696 conveniret.

218 726 305 774 tamen
323 716 415 774 Cicero
435 714 566 774 nonnulla
587 717 676 790 perite
689 722 879 790 praeceperat,
895 731 964 789 quae
978 714 1121 790 probabile
1139 725 1182 774 est

217 808 245 858 et
261 799 371 874 cognita
388 799 514 858 hahuisse
530 800 634 857 Livium
656 807 684 857 et
705 800 737 856 ad
758 797 902 856 consilium
926 815 1005 856 suum
1028 815 1182 858 recommo-

217 886 303 942 dasse.
344 883 391 941 llle
414 892 504 940 autem
524 883 667 940 historiam
688 891 821 948 ..tractam
838 882 970 957 quandam
994 890 1022 940 et
1041 881 1181 948 liuentem,

217 983 272 1026 non
290 974 443 1024 contortam
458 974 486 1024 et
500 984 588 1026 aorem
605 967 776 1025 orationem“
797 966 893 1026 n'eoere
908 973 1009 1030 oenset,
1028 975 1055 1023 et
1073 983 1182 1042 ..genus

217 1050 349 1110 orationis
364 1050 454 1108 imum
473 1059 554 1126 atque
570 1059 686 1110 tractum
703 1060 730 1108 et
745 1067 807 1109 eum
821 1050 932 1108 lenitate
950 1051 1064 1126 quadam
1081 1067 1183 1126 aequa-

217 1134 264 1192 bili
280 1134 420 1210 profluens
437 1135 497 1193 sine
512 1134 630 1194 iudiciali
645 1136 793 1211 asperitate
808 1143 837 1192 et
851 1135 909 1192 sine
924 1135 1123 1192 sententiarum
1139 1135 1181 1191 io·

217 1221 337 1277 rensium
350 1219 451 1278 aculeis
460 1227 486 1284 “,
510 1219 582 1294 quod
604 1227 692 1277 tamen
712 1219 799 1294 probe
816 1235 831 1275 e
846 1218 983 1278 cotidiano
999 1234 1126 1278 sermone
1141 1219 1181 1285 di.

217 1303 410 1378 stinguendum
425 1320 485 1362 esse
499 1298 648 1378 doeet²⁰²).
677 1303 734 1362 lloe
750 1302 883 1361 orationis
894 1319 981 1376 genus
998 1302 1101 1359 ahivio
1115 1318 1178 1378 pro·

216 1387 308 1445 hatum
325 1395 352 1444 et
365 1395 526 1461 usurpatum
541 1403 601 1444 esse
623 1394 651 1444 et
671 1404 715 1444 res
731 1387 791 1462 ipsa
805 1387 886 1444 doeet
900 1394 928 1443 et
943 1384 1127 1454 Quintilianus
1143 1386 1178 1441 vi·

217 1471 297 1528 detur
312 1469 473 1544 significare,
494 1487 556 1528 enm
577 1471 605 1526 in
622 1470 762 1528 Herodoto
784 1469 874 1527 omnia
891 1468 990 1528 leuiter
1005 1470 1089 1527 lluere
1105 1469 1173 1528 dioit

216 1569 306 1628 neque
330 1569 490 1627 quemqnam
513 1554 599 1628 magis
617 1553 756 1612 Herodoto
779 1553 896 1612 similem
919 1571 979 1612 esse
1004 1553 1077 1611 addit
1100 1569 1180 1628 qnam

216 1636 328 1695 livium.
372 1636 443 1694 ldem
465 1636 544 1711 quale
564 1637 651 1696 lluens
672 1646 701 1695 et
728 1644 844 1696 tractum
870 1637 938 1696 illud
959 1655 1046 1713 genus
1070 1638 1107 1694 sit
1126 1636 1181 1694 alio

216 1719 278 1778 loeo
300 1721 434 1784 ostendit,
460 1721 508 1779 uhi
525 1720 659 1784 „historia
684 1722 774 1796 inquit
790 1738 846 1779 non
867 1729 921 1780 tam
943 1721 1034 1780 linitos
1052 1737 1181 1780 numeros

218 1821 299 1878 quam
318 1804 411 1862 orbem
426 1806 558 1879 quendam
574 1814 786 1881 contextumque
799 1806 943 1864 desiderat.
958 1821 1074 1880 namque
1091 1806 1182 1863 omnia

218 1888 276 1946 eius
290 1889 409 1946 membra
425 1905 545 1946 connexa
559 1898 632 1953 sunt,
647 1890 774 1965 quoniam
789 1888 894 1948 lubrica
902 1896 944 1948 est
960 1895 988 1948 et
1002 1890 1070 1953 duit,
1084 1897 1116 1946 ut
1129 1890 1180 1947 ho·

217 1972 312 2036 mines,
332 1973 378 2046 qui
399 1973 524 2032 manibus
535 1975 648 2033 invicem
662 1973 840 2050 apprehensis
856 1975 970 2048 gradum
984 1973 1099 2037 firmant,
1116 1989 1182 2032 eon-

217 2056 305 2114 tinent
322 2063 350 2113 et
364 2057 540 2114 eontinentur
547 2051 627 2132 ²⁰³)“.
644 2057 693 2116 Cui
708 2075 769 2115 oum
781 2075 814 2116 en
829 2057 941 2116 adverso
954 2065 1040 2133 ponat
1052 2074 1182 2116 numeros

216 2147 245 2196 et
260 2139 436 2214 periodorum
454 2141 569 2205 formas.
587 2158 656 2216 quae
672 2141 828 2200 oratoribus
845 2141 1082 2204 commendantur.
1101 2141 1129 2198 id
1143 2141 1180 2197 ri·

216 2223 297 2280 detur
311 2224 447 2288 indicare,
467 2241 523 2283 non
538 2234 630 2300 aptum
646 2243 690 2284 ess
722 2226 755 2283 ad
769 2225 912 2283 historiam
929 2241 1072 2283 numerum
1088 2233 1180 2282 orato·

216 2308 287 2364 rium
301 2324 352 2382 per
371 2309 491 2366 membra
528 2309 612 2368 ineisa
634 2310 805 2384 ambitusque
819 2309 1041 2384 eimumseriptos
1056 2309 1181 2367 inceden·
1249 2315 1250 2336 ¹

284 2485 345 2551 201)
359 2489 409 2542 Cio.
424 2489 453 2539 de
465 2504 500 2540 or.
514 2488 590 2549 ll,lh,
601 2489 648 2541 02.
662 2490 803 2549 „videtisne
815 2498 927 2556 mantum
939 2491 972 2540 sit
984 2503 1068 2540 mnnns
1080 2490 1182 2540 oratoris

217 2555 333 2608 historie?
351 2556 413 2606 hsnd
430 2557 481 2608 seio
497 2571 528 2608 tn
545 2559 642 2608 llumine
658 2558 773 2608 orationis
791 2565 814 2608 et
831 2558 943 2608 rametnte
955 2558 1093 2614 maximum,
1106 2571 1183 2621 neque

216 2630 293 2674 umen
307 2638 358 2674 eam
376 2625 469 2688 reperio
481 2639 578 2688 usquam
595 2626 723 2690 separatim
735 2625 874 2674 instructam
886 2624 1005 2674 rhetorum
1018 2623 1177 2690 praeceptis“,

216 2691 249 2741 ih.
263 2686 281 2752 8
293 2687 339 2740 64:
360 2690 459 2748 „harum
471 2698 505 2741 tot
515 2699 677 2755 tenummqne
692 2705 770 2741 rernm
782 2692 896 2742 videtisne
908 2691 972 2742 nulls
985 2705 1037 2741 esse
1048 2698 1179 2756 praecepta,

216 2770 276 2822 qnae
287 2757 310 2805 in
323 2757 413 2807 artibus
430 2757 550 2808 rhetorum
566 2759 738 2823 reperiantur‘·.
763 2759 877 2818 Quintum
894 2759 1097 2809 interemtionem
1109 2757 1182 2808 ethi-

217 2824 315 2873 storiam
327 2823 422 2874 intersit
433 2825 493 2876 seito
505 2825 705 2888 exposuitl’linins
717 2826 792 2890 Epist.
806 2825 831 2884 l,
844 2823 868 2882 8.
880 2823 897 2875 9
908 2839 974 2890 squ:
988 2825 1074 2884 „hahet
1086 2824 1180 2890 quldem
1247 2845 1248 2873 r

217 2891 292 2940 oratio
349 2890 450 2942 historia
466 2891 537 2942 mnlts
550 2893 696 2950 eommunia,
712 2892 756 2942 sed
767 2893 834 2958 plura
847 2894 939 2943 diversa
951 2893 976 2942 in
989 2892 1027 2941 his
1038 2892 1108 2956 ipsis,
1121 2906 1180 2955 qnae

179 2987 182 2996 .
216 2957 349 3008 eommunia
367 2958 481 3009 ridentur.
500 2965 580 3010 narret
600 2960 654 3017 illa.
677 2966 758 3010 narrat
774 2960 847 3018 haee,
870 2960 913 3010 sod
931 2960 1012 3010 aliter:
1031 2959 1087 3010 huie
1104 2959 1181 3023 plora⁴

124 3037 126 3042 ·
216 3039 261 3090 que
273 3024 370 3074 humilis
387 3032 410 3075 et
427 3025 534 3084 sordida.
548 3027 583 3077 illl
601 3027 680 3076 omnis
691 3026 827 3084 recondita,
840 3027 976 3091 splendida.
989 3025 1082 3076 excelsa
1095 3039 1180 3075 tonte·
1246 3045 1247 3068 r

217 3093 291 3142 niunt.
307 3117 334 3128 -
349 3091 408 3141 haee
420 3093 456 3144 vel
468 3094 568 3144 manime
579 3095 601 3144 vl
614 3094 768 3146 amaritudine
779 3094 904 3152 instantia,
923 3094 963 3145 illa
976 3100 1051 3144 traotn
1064 3100 1086 3143 et
1102 3095 1182 3142 snsri⁴

217 3166 263 3209 tete
275 3174 288 3208 a
331 3174 344 3209 e
356 3160 427 3210 otiam
439 3160 565 3212 dulcedine
575 3162 677 3226 plaeet‘.

334 3225 1181 3289 lcte.0r.xx‚to;deor.11.13‚54,it.15umerum.

215 3291 385 3409 {glploneeh
403 3295 419 3346 1.
437 3296 454 3346 l.
492 3296 584 3346 Steiner
606 3296 636 3345 de
657 3309 754 3346 numero
777 3297 881 3346 oratorio
903 3296 978 3346 Posen
997 3291 1075 3352 1849,
1092 3309 1116 3360 p.
1138 3293 1176 3344 to·
1245 3317 1246 3320 ¹

261 3375 300 3409 a.

283 3424 343 3489 203)
360 3426 417 3478 lnst
436 3443 470 3479 or.
485 3429 556 3487 tx,t
583 3427 644 3486 129;
664 3427 709 3488 183
725 3430 752 3488 ll,
768 3429 789 3488 1,
804 3427 850 3479 101
879 3429 990 3480 Eelhard
1008 3429 1054 3479 l.l.
1086 3427 1183 3484 walch.
1244 3491 1245 3496 Ἰ

151 3473 161 3512 ²
212 3493 347 3546 Emendatt.
361 3495 425 3545 tin.
438 3510 461 3558 p.
475 3494 491 3548 ³
503 3511 553 3561 sq.;
582 3497 665 3556 huselt.
679 3498 695 3548 l.
710 3498 726 3548 l.
738 3513 761 3561 p.
778 3495 808 3549 1³
820 3512 856 3562 sq.
