2580 3954
211 223 275 286 234
386 235 480 278 umen
495 237 538 277 rr.
557 235 626 278 cnr.
645 227 688 280 lo.
704 227 747 280 41.
779 217 820 295 [a.
834 239 863 280 u.
883 238 908 276 c.
925 196 990 295 331]

212 386 332 465 quinam
348 389 459 453 essent,
481 401 549 444 mox
564 385 672 462 cogniti
689 389 799 446 tantam
819 403 855 446 ex
870 389 951 446 metu
962 381 1101 444 laetitiam
1121 383 1166 444 le·
1268 437 1269 448 ,

213 487 296 538 cere,
322 473 355 526 ut
382 466 493 527 clamor
514 466 621 528 urbem
643 469 819 548 pervaderet
837 466 1046 546 gratulantium
1067 465 1164 527 salros

179 560 195 612 t
211 554 395 628 victoresque
412 549 524 612 redisse
537 553 668 628 equites,
690 557 719 612 et
733 569 769 610 ex
784 552 903 612 maestis
918 549 1007 628 paulo
1025 555 1092 610 ante
1108 549 1162 608 do-

213 633 323 704 mibus,
342 651 417 712 quae
433 632 687 696 conclamaverant
701 652 784 704 suos,
800 639 1030 713 procurreretur
1043 634 1075 692 in
1090 633 1162 702 vias,

212 719 392 799 paridaeque
413 723 523 779 matres
547 735 582 778 ac
598 719 752 796 coniuges,
774 717 882 778 oblitae
900 735 972 795 prae
989 715 1095 794 gaudio
1110 715 1163 776 de·
1268 717 1270 728 ⁴

214 804 305 871 coris,
321 799 436 872 obviam
449 803 559 878 agmini
569 807 777 871 occurrerent,
792 803 824 860 in
839 819 909 862 suos
921 816 1056 878 quaeque
1074 797 1163 859 simul

213 901 338 962 corpore
360 889 447 962 atque
474 885 571 946 animo
593 887 640 944 vix
660 903 732 963 prae
754 885 860 964 gaudio
883 889 1018 963 compote
1043 881 1162 944 effusae.

178 977 194 1026 4
213 965 338 1028 tribunis
352 966 449 1045 plebi,
466 968 564 1045 quill.
582 967 732 1028 Postumio
746 975 776 1029 ct
787 968 820 1028 Τ.
833 965 968 1036 Quinctio
983 966 1061 1027 diem
1080 965 1163 1026 dixe·

213 1057 294 1119 rant,
318 1049 397 1128 quod
413 1049 448 1110 ad
464 1051 550 1112 Veios
566 1069 670 1112 eorum
684 1069 775 1129 opera
798 1050 875 1112 male
895 1056 1057 1129 pugnatum
1075 1056 1162 1118 esset,

213 1135 327 1195 occasio
341 1135 402 1194 visa
417 1140 461 1194 est
481 1152 536 1213 per
551 1152 658 1196 recens
678 1134 778 1196 odium
793 1134 950 1212 Semproni
971 1131 1100 1194 consulis
1114 1150 1163 1194 re·

178 1217 364 1279 onerandae
378 1217 410 1276 in
428 1235 478 1277 eos
493 1217 627 1279 invidiae.
658 1219 758 1296 itaque
774 1217 912 1278 advocata
935 1217 1072 1276 contione
1094 1233 1163 1275 cum

212 1301 359 1381 proditam
375 1299 443 1362 Veis
457 1319 521 1360 rem
545 1299 692 1378 publicam
712 1319 777 1362 esse
798 1299 834 1360 ab
851 1299 989 1369 ducibus,
1012 1298 1163 1376 proditum

213 1384 334 1454 deinde,
356 1384 425 1462 quia
446 1382 505 1443 illis
527 1385 638 1461 inpune
661 1385 764 1455 luerit,
791 1385 823 1444 in
843 1382 954 1444 Volscis
978 1380 1014 1443 ab
1041 1380 1164 1443 consule

213 1469 389 1535 exercitum,
405 1466 527 1526 traditos
539 1466 576 1526 ad
588 1466 707 1527 caedem
716 1467 891 1528 fortissimos
903 1467 1030 1544 equites,
1047 1464 1164 1526 deserta

177 1555 195 1606 d
212 1550 297 1610 loede
313 1549 574 1610 castrauvooilerati
598 1556 709 1620 essent,
733 1551 763 1612 C.
779 1550 881 1611 lunius
894 1566 971 1610 unus
985 1567 1022 1610 ex
1036 1547 1165 1608 tribunis

211 1633 414 1711 Tempanium.
427 1632 555 1709 equitem
578 1633 676 1692 vocari
698 1634 798 1704 iussit,
823 1649 981 1710 coramque
1003 1633 1031 1692 ei
1054 1631 1164 1701 „Sexte

211 1716 389 1792 Tempani,“
408 1716 503 1793 inquit
513 1733 643 1795 „quaero
655 1715 692 1777 de
702 1722 747 1787 te,
763 1716 954 1778 arbitrerisne
965 1715 1069 1776 Gaium
1081 1715 1164 1776 Sem·

211 1799 350 1877 pronium
366 1797 517 1860 consulem
532 1806 582 1860 aut
602 1800 633 1860 in
654 1805 788 1879 tempore
803 1817 931 1878 pugnam
945 1799 1035 1859 inisse
1050 1804 1101 1858 aut
1114 1797 1164 1858 br·-
1272 1791 1273 1866 3

211 1900 306 1942 masse
321 1879 458 1943 subsidiis
473 1883 566 1944 aciem
584 1888 635 1942 aut
647 1882 709 1943 ullo
730 1881 801 1944 boni
826 1881 954 1944 consulis
970 1881 1104 1942 iunctum
1120 1881 1164 1941 cl·

178 1970 193 2019 7
211 1965 295 2025 licio?
319 1971 349 2026 et
363 1969 433 2026 tunc
451 1965 514 2043 ipse
531 1967 613 2026 victis
629 1964 794 2044 legionibus
808 1965 948 2027 Romanis
968 1971 1019 2025 tuo
1041 1963 1164 2025 consilio

212 2049 340 2127 equitem
361 2048 398 2110 ad
413 2049 504 2126 pedes
519 2049 675 2112 deduxeris
693 2051 916 2128 restituerisque
935 2049 1084 2127 pugnam?
1113 2065 1164 2108 ex.
1273 2043 1274 2128 ᾖ

212 2131 293 2192 cluso
310 2131 417 2192 deinde
432 2131 468 2192 ab
491 2133 554 2193 acie
573 2139 674 2194 nostra
687 2132 741 2194 tibi
755 2139 842 2211 atque
863 2131 1012 2211 equitibus
1028 2137 1165 2192 numani
1273 2133 1274 2162 l

178 2223 195 2275 8
212 2214 315 2275 consul
328 2215 391 2293 ipse
410 2213 585 2276 subvenerit
607 2221 659 2275 aut
679 2217 793 2277 miserit
815 2216 1015 2294 praesidium!
1043 2220 1164 2294 postero

212 2298 338 2375 deniqne
357 2298 403 2358 die
425 2298 530 2374 ecquid
544 2299 673 2377 praesidi
682 2316 807 2378 usquam
822 2298 978 2369 habueris,
1000 2316 1037 2360 an
1059 2304 1092 2358 tu
1114 2316 1164 2358 co-

211 2379 341 2458 horsque
356 2381 386 2438 in
406 2386 501 2441 eastra
516 2387 611 2442 vestre
626 2384 732 2444 virtute
748 2383 962 2462 perruperitist
994 2399 1117 2461 ecquem
1132 2383 1164 2440 in

212 2464 314 2524 castris
334 2463 499 2534 consulem,
520 2482 643 2544 ecquem
667 2467 829 2528 exercitum
844 2467 1041 2535 inveneritis,
1062 2481 1100 2526 en
1114 2465 1165 2526 de·

177 2554 194 2605 9
211 2552 289 2607 serta
305 2552 400 2608 castra
414 2546 533 2609 relictos
547 2551 663 2611 saucios
674 2549 801 2611 milites?
830 2547 905 2610 baec
920 2566 975 2627 pro
989 2549 1096 2609 virtute
1111 2554 1163 2608 tua

210 2629 345 2706 lideque,
367 2647 424 2708 qua
446 2648 504 2691 una
528 2632 586 2693 hoe
604 2631 683 2694 bello
706 2651 754 2694 res
777 2631 895 2712 publica
916 2633 1011 2701 stetit,
1038 2631 1163 2692 dicenda

210 2711 264 2772 tibi
278 2719 347 2772 sunt
363 2712 467 2782 hodie:
485 2715 611 2793 denique
625 2716 678 2777 ubi
692 2718 722 2779 C.
739 2717 950 2795 Sempronius,
965 2714 1016 2775 ubi
1031 2713 1163 2792 legiones

210 2801 329 2857 nostrae
343 2798 416 2866 sint,
437 2798 571 2859 desertus
593 2801 633 2860 sis
655 2816 692 2860 an
714 2800 882 2862 deserueris
906 2796 1057 2860 consulem
1078 2813 1163 2859 exer·

212 2878 376 2956 citumque,
391 2880 460 2940 victi
473 2880 600 2959 denique
616 2883 707 2942 sirnrrs
727 2899 764 2943 an
782 2882 971 2944 vicerimus.“

178 2965 192 3017 1
273 2960 345 3021 ΧΗ.
375 2960 519 3023 Adversus
542 2963 617 3026 haec
631 2965 774 3043 Tempani
787 2966 881 3026 oratio
900 2966 1049 3043 incompte
1070 2963 1161 3025 inisse

211 3043 327 3114 dicitur,
346 3049 477 3106 ceterum
490 3044 656 3108 militariter
664 3050 769 3125 gravis,
784 3065 843 3108 non
856 3049 919 3109 suis
930 3065 1003 3108 vana
1014 3046 1161 3116 laudibus,

177 3136 271 3188 anon
289 3129 414 3190 crimine
435 3127 530 3190 alieno
550 3129 635 3192 laeta.
669 3136 778 3209 quanta
800 3131 958 3210 prudentia
979 3131 1024 3192 rei
1037 3129 1161 3192 bellicae

210 3211 241 3270 in
257 3212 287 3273 C.
304 3213 480 3290 Sempronio
496 3218 587 3284 esset,
609 3230 670 3275 non
687 3212 787 3274 militis
806 3214 843 3275 de
865 3215 1045 3293 imperatore
1063 3214 1162 3275 existi-

210 3296 370 3356 mationem
386 3313 467 3365 esse,
491 3297 542 3358 sed
559 3295 662 3376 populi
675 3296 800 3358 llomani
815 3298 921 3368 luisse,
945 3315 1013 3358 cum
1029 3314 1096 3358 enm
1111 3314 1162 3356 co·

211 3377 300 3436 mitiis
314 3377 467 3441 consulem
481 3378 600 3457 legeret.
627 3381 727 3458 itaque
737 3397 776 3442 ne
793 3380 830 3442 ab
839 3400 871 3443 se
887 3380 1077 3459 imperatoria
1090 3397 1162 3439 con·

164 3509 169 3515 .
210 3457 274 3520 silia
294 3476 353 3520 neu
374 3461 544 3523 consulares
565 3470 644 3524 artes
661 3465 866 3542 exquirerent,
892 3481 967 3541 quae
988 3460 1162 3540 pensitanda
