2534 3956
352 183 453 228 mxc
469 186 514 228 vr.
544 185 614 228 our.
632 177 677 230 lb.
701 168 742 245 {e
760 133 873 244 (io-²185]
1030 169 1093 234 327

69 322 74 328 “
129 335 272 398 Romanis
285 335 326 394 ita
343 331 379 393 do
395 333 501 394 ceteris
516 331 607 394 rebus
623 349 691 394 cum
705 331 793 412 plebe
808 334 979 404 conveniat,
1002 351 1092 412 quem

128 419 169 481 ad
193 418 312 479 modum
333 416 412 494 quod
432 415 470 477 ad
490 422 520 478 te
542 417 645 478 attinet
661 433 785 494 eamque
803 434 884 485 rem,
906 434 995 496 quam
1010 416 1047 478 de
1060 422 1091 478 te

126 519 197 564 sum
220 500 423 579 quaesiturus,
450 505 665 560 conventurum
684 501 756 561 satis
775 499 899 560 conlido.
939 517 1023 578 spem
1044 500 1125 568 fa·n

129 593 208 648 ctam
226 589 287 646 ato
303 583 412 644 civitati
427 582 511 644 video
526 582 583 644 ilde
603 581 745 644 incolumi
760 601 796 646 ex
814 583 982 645 thensaurb
999 581 1088 646 Galli·

129 670 189 739 ois‚
200 684 273 746 quos
284 667 432 745 primores
442 671 561 744 patrum
576 665 737 736 occultent,
751 666 896 729 creditum
907 665 980 729 solvi
989 684 1088 746 posse.

128 754 179 813 eui
195 767 249 828 ego
271 752 315 812 rei
331 755 444 811 tantum
459 748 543 811 abest
562 755 595 809 ut
617 750 819 830 inpedimento
839 751 910 821 dm,
935 755 1090 811 utcontra

129 842 174 906 to,
192 835 229 896 M.
245 831 349 902 llanli,
368 832 522 902 adhortor,
538 831 648 894 liberes
662 833 765 894 fenore
781 832 900 911 plebem
914 833 1088 904 Romanam,

128 926 161 980 ot
177 920 250 979 istos
264 916 442 978 incubantes
464 915 591 995 publicis
607 917 775 978 thensauris
794 935 829 978 ex
843 917 953 995 praeda
970 915 1088 978 clande-

129 1003 205 1063 stina
217 999 340 1063 evolvas.
367 998 516 1078 quodnisi
530 1000 616 1069 facis,
632 1001 692 1061 sire
706 1009 740 1060 ut
751 1009 779 1061 et
790 1002 853 1078 ipse
864 1002 895 1060 in
906 1008 991 1079 parte
1002 1018 1089 1080 prae·
1108 1011 1128 1064 d

127 1087 185 1146 dae
202 1087 258 1154 sis,
281 1084 341 1143 sive
359 1083 427 1160 quia
449 1099 556 1142 vanum
573 1083 714 1142 indicium
728 1089 787 1152 est,
807 1085 840 1142 in
859 1083 954 1144 vincla
977 1092 1007 1146 te
1021 1085 1091 1145 duci

125 1167 252 1236 iubebo,
273 1183 330 1226 nec
348 1165 459 1225 diutius
480 1166 575 1242 patiar
597 1169 662 1226 ate
678 1165 896 1227 multitudinem
916 1165 1014 1227 fallaci
1035 1185 1089 1244 spe

127 1251 303 1312 conciten‘t
340 1248 377 1310 ad
389 1265 425 1309 ea
445 1247 569 1309 Manlius
588 1265 645 1310 nec
665 1267 697 1310 se
717 1247 856 1310 fefellisse
879 1250 934 1320 ait,
950 1267 1016 1312 ‘non
1038 1251 1089 1311 ad·
1108 1261 1125 1312 7

130 1351 234 1394 versus
244 1331 382 1402 Vulsoos,
398 1332 507 1393 totiens
521 1331 629 1402 bostis,
646 1332 782 1411 quotiens
797 1331 931 1411 patribus
942 1334 1088 1412 expediat,

127 1435 186 1478 mec
201 1417 340 1478 adversus
356 1415 475 1476 Latinos
488 1415 708 1494 Hernicosque,
724 1433 798 1492 quos
818 1415 899 1478 falsis
915 1415 1089 1478 criminibus

125 1502 160 1561 in
172 1518 254 1560 arma
266 1504 367 1578 agant,
384 1499 436 1558 sed
450 1499 589 1560 adversus
603 1518 635 1560 se
647 1517 682 1560 ao
695 1498 814 1579 plebem
824 1499 988 1562 Romanam
999 1501 1089 1562 dicta·

124 1590 225 1646 torem
241 1590 373 1644 creatum
389 1600 470 1651 essm
496 1584 555 1644 iarn
573 1584 681 1644 omisso
702 1581 795 1653 bello,
820 1585 899 1660 quod
919 1584 1088 1645 simulatum
1107 1597 1125 1648 8

128 1669 183 1738 sit,
199 1669 277 1728 inse
294 1669 438 1746 impetum
455 1666 536 1736 fleri,
556 1668 615 1726 iam
637 1665 811 1727 dictatorem
831 1668 965 1744 profiteri
988 1672 1089 1746 patro·

128 1753 239 1812 cimirun
256 1750 459 1811 feneratorum
477 1749 616 1810 adversus
630 1747 763 1826 plebem,
783 1750 842 1810 iam
861 1749 917 1810 sibi
933 1768 969 1810 ex
988 1750 1089 1810 favore

127 1833 324 1894 multitudinis
342 1833 456 1910 crimen
477 1835 507 1892 et
525 1833 690 1909 perniciem
713 1833 825 1910 quaeri.
858 1833 1022 1902 ‚‚olfendit“
1042 1834 1124 1895 in·9

129 1917 193 1994 quit
206 1921 272 1985 ,‚tc‚
294 1915 326 1976 l.
343 1913 476 1984 Corneli,
501 1931 627 1994 rosque,
645 1921 745 1994 patres
765 1917 938 1994 conscripti,
961 1918 1088 1977 circum·

128 2000 193 2060 fusa
216 1997 304 2059 turba
325 1996 411 2060 lateri
431 2015 513 2060 meo:
542 1997 613 2077 quin
633 2016 699 2060 eam
721 1999 857 2060 diducitis
878 2017 894 2059 a
914 2017 962 2061 me
979 1997 1089 2076 singuli

127 2081 234 2143 restris
249 2081 415 2152 beneflciis,
432 2081 662 2152 intercedendo,
679 2083 834 2142 eximendo
852 2083 888 2143 de
902 2101 993 2144 nervo
1011 2084 1088 2144 cives

128 2170 257 2235 vestroS,
269 2164 455 2244 prohibendo
465 2165 610 2225 iudicatos
621 2165 811 2240 addictosque
822 2164 900 2236 duci,
913 2185 949 2227 ex
962 2164 1089 2244 eoquod

128 2249 223 2310 affluit
237 2247 343 2328 opibus
357 2249 461 2309 restris
476 2248 649 2309 sustinendo
664 2249 855 2310 necessitates
867 2248 1013 2310 aliorum?
1036 2249 1088 2310 sed
1106 2257 1141 2310 to

124 2333 197 2412 quid
214 2349 269 2410 ego
287 2350 354 2402 ros,
378 2331 415 2392 de
431 2337 529 2393 vestro
543 2331 725 2408 impendatis,
749 2329 875 2391 lrortori
907 2339 1017 2394 sortem
1035 2331 1087 2392 ali·

128 2433 216 2494 quarn
238 2417 329 2486 ferte,
351 2414 502 2492 decapite
521 2413 657 2474 deducite
675 2412 754 2490 quod
777 2415 875 2474 usuris
893 2432 1088 2492 pernumera-

125 2506 190 2558 tum
213 2505 271 2557 est:
296 2501 355 2556 iem
375 2497 469 2556 nihilo
492 2512 558 2556 moa
577 2493 665 2556 turba
683 2513 771 2572 quam
792 2495 879 2556 ullius
901 2499 1087 2575 conspectior

129 2581 195 2641 erit.
225 2585 255 2640 at
268 2580 347 2640 enim
362 2579 434 2657 quid
458 2580 498 2639 ita
514 2577 595 2639 solus
617 2595 671 2656 ego
690 2579 796 2638 citium
812 2597 914 2640 curam
934 2581 1007 2658 ago?
1042 2581 1087 2639 ni·
1107 2589 1140 2642 ll

128 2661 189 2723 bilo
205 2663 297 2740 magis
311 2661 390 2740 quod
403 2662 600 2740 respondeam
611 2660 724 2732 babeo,
739 2679 826 2739 quam
837 2664 861 2724 si
871 2681 1005 2742 quaeras,
1018 2661 1089 2740 quid

125 2747 168 2806 ita
183 2745 263 2808 solus
279 2744 456 2824 Capitolium
466 2762 625 2823 arcemque
641 2746 826 2806 servaverim.
852 2753 882 2806 et
895 2753 958 2808 tum
970 2747 1088 2807 univcr-

124 2831 169 2891 sis
179 2847 266 2908 quam
274 2829 358 2908 potui
367 2847 455 2908 opem
465 2828 530 2899 tuli,
545 2836 574 2889 et
582 2846 663 2890 nuno
672 2827 794 2906 singulis
807 2829 910 2891 feram.
927 2848 995 2890 nam
1007 2830 1087 2908 quod
1107 2839 1140 2892 12

129 2913 165 2974 ad
182 2913 337 2974 thesauros
352 2911 480 2974 Gallicos
498 2913 615 2982 attinet,
639 2930 703 2974 rem
724 2919 827 2990 suapte
847 2920 953 2975 natura
971 2913 1088 2975 facilem

126 2995 277 3057 difficilem
288 2997 478 3072 interrogatio
490 2996 568 3056 facit.
587 3013 640 3056 our
649 2997 727 3056 enim
736 2997 885 3072 queaeritis,
899 2998 978 3074 quod
988 2998 1088 3058 soitisi

127 3096 191 3148 cur,
204 3079 284 3156 quod
293 3080 324 3138 in
336 3079 402 3138 sinu
413 3085 510 3140 restro
524 3083 582 3148 est,
596 3080 692 3140 excuti
704 3076 812 3140 iubetis
823 3081 1019 3158 potiusquam
1034 3097 1087 3157 po·

129 3163 220 3231 natis,
232 3162 289 3222 nisi
304 3162 401 3240 aliquo
416 3162 499 3223 fraus
510 3159 629 3223 subest?
641 3179 699 3240 quo
711 3163 804 3239 magis
818 3163 901 3238 argui
912 3163 1086 3240 praestigias
1105 3177 1139 3229 13

127 3244 236 3307 iubetis
246 3251 373 3315 rostras,
392 3263 427 3306 eo
444 3243 512 3322 plus
525 3262 639 3316 vereor,
651 3263 690 3307 no
707 3244 886 3306 abstuleritis
904 3245 1085 3313 observanti·

128 3328 184 3388 bus
196 3330 282 3390 etiam
295 3324 405 3388 oculos.
426 3328 526 3406 itaque
538 3346 598 3388 non
610 3347 665 3407 ogo
682 3327 765 3388 robis
780 3335 812 3389 ut
822 3328 949 3390 indicem
960 3329 1086 3408 praedas

129 3417 253 3485 rostras,
270 3411 322 3474 sed
333 3429 385 3472 vos
395 3410 424 3472 id
436 3411 560 3495 cogendi
575 3413 653 3482 estis,
666 3417 699 3472 ut
708 3411 740 3472 in
752 3412 882 3474 medium
895 3413 1085 3492 proferatis“.
