2548 3954
251 201 373 242 urnunr
411 201 479 242 one.
497 191 537 245 li.
557 193 600 248 13.
628 185 667 261 [a.
686 182 721 242 O.
736 183 866 260 rsa-717]
994 189 1033 249 15

79 353 198 421 hostes,
216 350 301 412 derne
321 355 468 411 terrorem
483 349 623 410 Romanis
641 349 798 428 fugamque
819 349 936 412 foedam
953 353 1032 412 siste.

80 437 130 496 hie
144 451 201 512 ego
217 433 272 494 tibi
287 431 428 512 templum
444 433 553 494 Statori
566 433 643 502 lovi,
666 434 745 510 quod
761 442 983 495 monumentum
998 437 1036 496 sit
1051 439 1069 490 o

80 519 211 599 posteris
229 524 278 577 tna
292 519 441 596 praesenti
457 534 513 596 ope
530 525 675 578 servatam
690 516 795 579 urbem
811 535 891 589 esse,
913 527 1035 579 voveo.“

81 621 158 666 naec
177 608 331 681 precatus,
353 599 432 660 velut
450 601 474 660 si
499 601 639 662 sensisset
652 601 765 663 auditas
781 619 901 680 preces,
925 601 1069 672 ‚,hine“·1

81 687 188 766 inquit,
203 685 357 757 „Romani
368 682 500 761 luppiter
507 686 636 762 optimus
646 686 790 746 maximis
801 687 940 746 resistere
947 692 1035 762 atque

82 777 194 833 iterare
215 783 347 848 pugnam
369 765 482 828 iubet“
513 769 649 829 restitere
664 767 790 829 Romani
806 776 955 846 tamqnam
969 786 1035 829 eae·

82 856 151 916 lesti
165 869 237 913 roae
252 852 341 912 iussi:
357 851 422 929 ipse
437 850 474 910 ad
485 852 633 928 primores
641 850 784 912 Romulus
795 852 936 931 provolat.
964 852 1036 914 blet-
1053 867 1070 920 s

82 941 142 999 tius
159 936 276 998 Curtius
293 933 330 995 ab
349 934 467 996 Sabinis
483 936 622 1013 princeps
637 934 673 995 ab
689 953 758 997 arce
772 936 992 1006 decucurrerat,
1008 943 1038 998 et

83 1021 193 1084 ellusos
214 1025 315 1097 egerat
337 1017 486 1079 Romanos
507 1024 568 1078 toto
589 1026 730 1096 quantum
750 1019 815 1080 loro
837 1020 964 1098 spatium
985 1028 1036 1090 est,

82 1121 141 1166 nee
163 1101 268 1182 proeul
291 1103 351 1162 iam
371 1120 387 1162 a
403 1109 489 1181 porta
506 1101 609 1163 Palatii
626 1111 703 1173 erat,
725 1100 878 1164 clamitans
893 1104 1037 1173 ,niobnus
1054 1112 1071 1165 s

83 1186 215 1269 perfidos
231 1184 371 1264 hospites,
385 1185 512 1248 inbelles
525 1185 633 1248 hostes.
666 1188 725 1246 iam
740 1187 838 1248 solunt
855 1185 943 1264 longe
958 1184 1037 1247 aliud

84 1291 151 1334 esse
174 1271 303 1347 virgines
319 1287 443 1349 rapere,
464 1268 542 1332 eliud
555 1285 688 1348 pugnare
709 1286 777 1330 cum
792 1271 892 1330 viris.“
923 1272 955 1329 iu
972 1286 1039 1330 eum

84 1357 160 1417 haee
182 1353 356 1432 gloriantem
371 1371 439 1414 cum
453 1351 542 1432 globo
558 1352 812 1414 ferocissimorum
827 1354 967 1414 iuvenum
980 1353 1039 1414 Ro·

84 1438 183 1500 mulus
206 1440 349 1516 impetum
367 1437 445 1498 lacit.
479 1455 515 1498 ex
533 1452 608 1512 equo
622 1443 684 1496 tum
704 1437 781 1498 forte
796 1436 913 1498 Mettius
927 1454 1039 1515 pugna·

84 1524 151 1592 bat3
168 1541 203 1585 eo
219 1519 291 1600 pelli
305 1519 421 1582 facilius
432 1521 495 1582 tuit.
518 1518 637 1598 pulsum
649 1519 774 1582 Romani
788 1527 994 1599 persecuntur,
1013 1527 1041 1581 et

86 1607 143 1668 alia
165 1607 296 1668 Romane
318 1606 397 1666 acies
416 1604 538 1666 audacia
556 1605 637 1682 regis
651 1621 775 1667 aceensa
790 1604 887 1666 fundit
904 1603 1039 1664 Sabinos.

86 1691 204 1752 Mettius
229 1689 261 1749 in
280 1687 418 1767 paludem
438 1706 504 1752 sese
526 1689 650 1766 strepitu
671 1689 857 1767 sequentium
876 1689 1092 1766 trepidantem

88 1791 164 1852 equo
182 1774 323 1841 coniectu
340 1778 543 1849 averteratque
557 1791 590 1834 ea
607 1789 657 1834 res
672 1773 759 1833 etiam
771 1770 896 1834 Sabinos
907 1771 980 1831 tanti
989 1789 1041 1850 pe·

87 1857 182 1918 riculo
198 1858 263 1918 viri.
294 1863 323 1918 et
336 1854 386 1916 ille
401 1855 519 1933 quidem
536 1855 732 1919 adnuentibus
749 1874 783 1916 ae
798 1853 971 1916 vorantibus
981 1855 1042 1916 suis

89 1942 189 2002 lavore
207 1939 367 2001 multorum
383 1939 480 2000 addito
496 1941 594 2000 animo
613 1939 724 2000 evadit:
740 1937 866 1999 Romani
882 1937 1043 2015 Sabinique

88 2028 118 2085 in
140 2024 236 2086 media
260 2021 390 2084 convalle
414 2023 539 2083 duorum
566 2023 709 2082 montium
733 2022 936 2100 redintegrant
955 2039 1043 2099 proe-

89 2109 175 2176 lium:
192 2106 244 2168 sed
262 2125 312 2169 res
324 2106 455 2167 Romana
473 2113 536 2167 erat
549 2108 694 2185 superior.

153 2190 228 2252 mu.
249 2191 326 2250 Tum
340 2188 467 2252 Sabinae
490 2189 644 2260 mulieres,
660 2207 785 2266 quarum
803 2208 839 2250 er
855 2190 965 2250 iniuria
980 2187 1043 2249 bel·
1065 2189 1077 2240 l

89 2277 151 2337 lum
165 2281 263 2335 ortum
279 2279 350 2343 erat,
370 2272 502 2334 crinibus
521 2276 614 2353 passis
628 2275 778 2352 scissaque
795 2279 873 2335 veste
890 2273 966 2332 vieto
982 2290 1044 2332 ma·

90 2361 126 2422 tis
135 2355 280 2419 *muliebri
293 2374 402 2436 pavore
418 2375 507 2418 ausae
522 2375 554 2418 se
565 2358 643 2419 inter
656 2356 714 2418 tela
725 2355 852 2417 volantis
867 2356 989 2426 inferre,
1007 2373 1045 2416 ex

91 2453 258 2504 transverso
274 2442 386 2518 impetu
398 2441 475 2501 laeto
491 2440 632 2502 dirimere
649 2441 770 2502 infestas
785 2441 880 2509 aoies,
901 2439 1045 2499 dirimere

90 2531 167 2595 iras,
191 2525 262 2586 hine
278 2531 377 2603 patres
394 2522 463 2584 hine
483 2526 561 2586 uros
578 2530 713 2600 orantes,
731 2541 769 2584 ne
787 2541 819 2583 se
834 2522 978 2598 sanguine
993 2538 1045 2582 ne·
1063 2537 1080 2586 2

90 2610 180 2672 tando
196 2610 293 2671 soceri
310 2609 471 2686 generique
486 2614 703 2686 respergerent,
720 2624 758 2667 ne
772 2604 933 2684 parricidio
946 2621 1047 2664 macu-

91 2695 189 2757 larent
200 2701 302 2771 partus
321 2710 405 2761 suos,
429 2698 569 2771 nepotum
584 2689 644 2761 illi,
666 2689 698 2750 hi
717 2688 845 2751 liberum
862 2690 1046 2766 progeniem.

94 2781 137 2850 „si
159 2775 315 2838 adfinitatis
330 2778 407 2838 inter
428 2792 494 2846 vos,
516 2777 542 2836 si
562 2773 682 2836 conubii
705 2775 799 2852 piget,
824 2773 856 2832 in
875 2789 930 2834 nos
945 2773 1048 2832 vertite
1065 2783 1082 2836 3

93 2866 161 2922 iras.
192 2877 247 2922 nos
268 2877 355 2921 causa
375 2858 462 2930 belli,
483 2876 538 2920 nos
556 2857 710 2920 vulnerum
726 2875 761 2918 ae
776 2857 910 2918 caedium
926 2857 997 2916 viris
1013 2871 1047 2914 ac

94 2941 266 3024 parentibus
290 2959 401 3005 sumus.
436 2941 542 3004 melius
566 2941 731 3021 peribimus
751 2955 840 3019 quam
863 2941 928 3001 sine
948 2937 1048 3000 alteris

94 3035 223 3090 vestrum
237 3027 342 3089 viduae
353 3033 404 3088 aut
417 3024 509 3088 orbae
522 3029 683 3088 vivemus.“
711 3031 872 3086 monstres
889 3041 956 3084 eum
973 3021 1049 3084 mul·

95 3110 249 3173 titudinem
273 3116 336 3172 tum
355 3111 455 3172 duces.
491 3109 639 3172 silentium
663 3115 692 3170 et
718 3109 871 3186 repentina
892 3107 926 3167 fit
947 3107 1083 3184 quies;s

95 3193 220 3257 indeed
245 3193 348 3257 foedus
371 3193 539 3256 iaciendum
558 3194 649 3256 duces
672 3191 838 3272 prodeunt,
864 3207 920 3250 neo
945 3205 1050 3266 paoem

96 3279 183 3340 modo
198 3277 250 3340 sed
264 3279 410 3340 civitatem
421 3294 510 3338 unam
523 3295 558 3338 ex
573 3276 686 3339 duabus
696 3275 818 3344 iaciunt,
836 3289 962 3351 regnum
977 3287 1049 3332 eon-

96 3364 218 3434 sooiant,
238 3363 398 3441 imperium
417 3377 505 3424 omne
520 3360 677 3422 conserunt
691 3358 825 3420 Romam.
848 3358 887 3417 ita
902 3357 1049 3434 geminata
1067 3360 1084 3410 t

99 3445 179 3517 urbe,
195 3453 228 3506 ut
242 3444 359 3506 Sabinis
374 3453 472 3508 tamen
487 3443 597 3522 allquld
608 3444 736 3517 deretur,
752 3438 906 3511 Quiritesa
923 3438 1049 3502 Curibus
