2534 3956
296 177 829 272 nracnv1.one.o.7.[a0.aaol
913 281 915 286 Ι
978 193 1040 256 319

90 377 174 438 quam
190 360 359 437 opinionem
371 357 406 418 de
421 357 510 416 unico
524 356 716 435 imperatore,
734 374 798 418 eam
810 373 891 434 spem
907 355 944 416 de
957 355 1038 416 hello

89 441 239 504 haherent.
270 461 302 504 se
324 458 393 502 vero
414 438 491 500 hene
508 457 628 518 sperare
646 447 745 520 patres
763 447 791 501 et
813 440 848 500 de
863 437 942 499 hello
961 438 1037 501 etde
1057 449 1091 502 18
1130 459 1134 464 “

86 543 158 604 pace
173 527 369 603 universaque
390 521 558 602 republica
576 526 668 586 erecti
688 524 793 602 gaudio
816 522 961 593 fremunt,
982 540 1037 583 nec
1114 591 1119 603 ¹

86 608 227 669 dictatore
251 624 392 684 umquam
416 623 489 683 opus
506 606 569 668 lore
587 609 631 669 rei
652 606 803 686 publicae,
827 607 852 668 si
872 605 946 667 tales
960 607 1037 667 u'ros

85 693 116 751 in
143 693 314 769 magistratu
337 688 458 760 haheat,
483 695 543 750 tam
567 690 763 751 concordibus
785 689 1036 760 iunctos'animis,

85 793 191 854 parcre
207 781 295 852 atque
309 776 458 853 imperare
468 773 549 833 iuxta
563 779 681 852 paratos
695 773 870 851 laudemque
882 772 1036 834 conferen-

84 864 130 920 tes
143 859 241 937 potius
261 859 290 917 in
308 857 437 918 medium
453 872 540 935 quam
557 875 592 917 cx
609 859 756 917 communi
778 857 815 918 ad
830 876 861 919 se
876 856 1036 917 trahentes.

146 941 205 1002 vll.
233 941 346 1002 iustitio
366 939 477 1001 indicto
500 939 667 1020 dilectuque
688 940 787 1003 habito
802 942 910 1002 Furius
930 956 965 1001 ac
981 941 1035 1000 Va·
1055 946 1070 999 i

82 1025 173 1088 lerius
196 1024 232 1086 ad
253 1025 399 1086 Satricum
420 1023 561 1102 proiecti,
592 1041 650 1100 quo
672 1042 732 1084 non
752 1024 925 1085 Volscorum
947 1023 1036 1083 modo

81 1111 260 1170 iuventutem
280 1109 411 1169 Antiates
430 1124 465 1166 sx
482 1123 556 1166 nova
572 1106 675 1167 suhele
693 1107 799 1168 lectam
815 1107 867 1168 sed
885 1109 1037 1184 ingentem

82 1193 254 1254 Latinorum
275 1191 532 1267 Hernicorumque
558 1190 745 1250 conciverant
775 1208 810 1251 ex
835 1191 1036 1267 integerrimis

82 1275 193 1335 diutina
209 1292 281 1354 pace
298 1273 425 1354 populis.
452 1275 550 1350 itaque
565 1288 658 1334 novus
671 1273 764 1334 hostis
774 1274 865 1334 veteri
881 1272 1036 1332 adiunctus

83 1359 240 1419 commorit
263 1359 377 1419 anhnos
401 1356 501 1418 militis
516 1355 649 1416 Romani.
686 1357 764 1436 quod
789 1355 840 1417 uhi
864 1357 957 1416 aciem
978 1355 1073 1418 iamt

81 1441 240 1502 instruenti
268 1439 388 1502 Camillo
414 1440 604 1501 centuriones
633 1442 877 1502 renuntiaverunt
905 1436 1037 1500 turbatas

82 1523 207 1584 militum
227 1531 342 1586 mentes
358 1543 436 1595 csse,
457 1525 588 1604 segniter
602 1539 683 1584 arma
700 1531 783 1604 capta
800 1520 1036 1585 cunctabundos-

86 1625 141 1686 que
154 1613 183 1670 et
194 1610 364 1670 resistentes
376 1625 510 1688 egressos
525 1607 629 1669 castris
638 1625 717 1678 esse,
730 1610 801 1686 quin
814 1625 901 1668 voces
918 1623 1036 1684 quoque

83 1692 208 1763 auditas,
235 1710 302 1753 omn
330 1694 463 1754 centenis
488 1689 623 1752 hostibus
649 1689 781 1768 singulos
802 1697 985 1768 pugnaturos
1007 1695 1037 1748 et

83 1788 170 1853 tegre
192 1777 337 1838 inermem
363 1782 473 1836 tantam
499 1772 731 1842 multitudinem,
761 1772 871 1834 nedum
894 1775 1036 1831 armatam

82 1860 220 1918 sustineri
241 1875 345 1936 posse;
363 1860 394 1918 in
410 1874 517 1935 equum
533 1855 638 1926 insilit,
662 1862 691 1917 et
707 1861 774 1918 ante
797 1857 879 1934 signa
894 1852 1035 1916 obversus
1052 1863 1072 1917 8

81 1942 111 2000 in
128 1941 237 2010 aciem,
256 1941 375 2002 ordines
396 1939 624 2018 interequitans:
648 1956 743 2016 „quae
763 1939 896 2009 tristitia,
917 1936 1034 2007 milites,

81 2023 169 2094 haec,
187 2040 262 2102 quae
275 2023 391 2084 insolita
410 2023 556 2084 cunctatio
569 2023 631 2084 esti
651 2022 782 2094 hostem,
797 2039 834 2084 an
850 2031 966 2092 me,'an
983 2036 1035 2080 vos

81 2107 244 2184 ignoratis?
270 2106 363 2168 hostis
385 2113 428 2169 est
450 2106 519 2185 quid
540 2103 618 2165 aliud
638 2123 725 2184 quam
746 2113 889 2186 perpetua
912 2105 1034 2164 materia

82 2191 196 2251 dranus
212 2189 382 2269 gloriaeque
397 2190 533 2252 vestrae?
552 2205 603 2249 vos
619 2195 783 2252 conuenae
802 2189 890 2258 duce,
905 2193 939 2247 ut
950 2185 1034 2247 Fale·
1052 2197 1070 2246 t

81 2274 142 2334 rios
156 2274 301 2352 Veiosque
314 2280 416 2352 captos
432 2280 460 2335 et
479 2274 510 2332 in
527 2277 610 2350 capta
624 2272 718 2350 patria
737 2271 888 2334 Gallorum
903 2269 1035 2348 legiones

81 2375 181 2418 caesas
197 2362 324 2427 taceam,
340 2357 427 2417 modo
439 2357 611 2434 trigeminae
623 2355 762 2415 victoriae
773 2355 921 2432 triplicem
931 2354 1034 2414 trium

80 2439 172 2518 phum
190 2459 224 2500 ex
242 2441 288 2500 his
302 2441 373 2518 ipsis
388 2439 500 2501 Volscis
524 2445 553 2499 et
566 2438 674 2514 Aequis
689 2443 719 2498 et
736 2455 771 2498 ex
785 2437 903 2497 Etruria
926 2436 1033 2512 egistis.

80 2539 118 2582 an
130 2541 192 2591 mc,
206 2523 284 2598 quod
300 2539 361 2580 non
377 2523 501 2580 dictator
515 2519 597 2580 uobis
608 2518 660 2579 sed
676 2517 812 2580 tribunus
827 2521 943 2596 signum
958 2516 1033 2586 dedi,
1052 2523 1070 2574 o

80 2621 141 2664 non
161 2605 318 2680 agnoscitis
334 2601 456 2663 ducem?
480 2620 576 2682 nequo
592 2617 645 2679 ego
660 2603 786 2662 maxima
800 2602 922 2680 imperia
937 2602 969 2660 in
984 2617 1035 2660 vos

81 2687 233 2755 desidero,
252 2693 280 2747 et
295 2702 347 2746 uos
365 2687 396 2746 in
408 2703 455 2748 me
469 2685 541 2746 nihil
556 2690 674 2764 praeter
685 2703 732 2747 me
747 2687 844 2764 ipsum
859 2685 968 2746 intueri
984 2682 1034 2743 de·
1138 2739 1140 2742 .

82 2775 144 2838 cet;
166 2770 356 2846 nequeenim
375 2769 518 2832 dictatura
536 2767 608 2828 mihi
622 2785 759 2847 umquam
774 2770 887 2828 animos
900 2767 983 2836 lecit,
1002 2771 1036 2825 ut
1127 2837 1128 2840 Ἴ
1224 2845 1228 2851 Ι

82 2871 120 2914 ne
133 2851 251 2914 exilium
267 2852 387 2930 quidem
402 2853 518 2914 ademit.
548 2851 637 2914 iidem
651 2852 740 2930 igitur
755 2869 858 2912 omnes
872 2867 990 2920 sumus,
1006 2856 1034 2911 et
1051 2857 1069 2908 o

82 2954 150 2997 cum
179 2935 280 2996 eadem
307 2938 403 2998 omnia
423 2938 455 3000 in
479 2937 537 2998 hoo
559 2933 671 2998 bellum
694 2935 873 3006 adieramus,
902 2950 977 3011 quae
1002 2935 1033 2993 in

81 3020 180 3100 priora
197 3018 362 3090 attulimus,
386 3021 512 3082 eundem
531 3026 665 3082 eventum
680 3017 751 3080 belli
765 3025 963 3099 expectemus.
995 3018 1033 3076 si·

82 3102 142 3164 mrrl
161 3104 387 3174 concurreritis,
407 3105 484 3183 quod
504 3105 629 3182 quisque
644 3101 746 3163 didicit
760 3120 794 3162 ao
808 3100 973 3168 consuerit,
991 3099 1034 3159 la·

82 3187 156 3249 ciet:
179 3203 230 3248 vos
245 3187 381 3256 rincctis,
398 3186 441 3248 illi
455 3187 597 3265 lugient“.

146 3269 218 3332 *fili
245 3268 317 3330 Dato
329 3269 435 3332 deinde
450 3271 534 3348 signo
549 3287 584 3332 ex
600 3286 676 3348 equo
688 3267 799 3339 desilit,
822 3275 851 3330 et
865 3267 1033 3348 proximum
1053 3270 1065 3321 l

82 3355 254 3432 signiferum
270 3370 360 3414 manu
375 3358 526 3432 arreptum
540 3370 642 3414 secum
657 3353 688 3412 in
701 3351 815 3413 hostem
832 3352 910 3430 rapit
924 3349 1032 3420 „inier‚

82 3435 195 3509 muesz
214 3437 366 3500 clamitans
387 3438 552 3516 ,‚signum“.
583 3434 661 3514 quod
675 3433 727 3496 uhi
747 3435 846 3496 ridere
865 3435 962 3514 ipsum
979 3431 1066 3494 (la-2
