2548 3954
241 189 336 232 rmm
351 191 372 230 1.
401 189 472 232 em.
492 183 534 234 ιο.
551 183 595 234 11.
621 169 659 253 [a.
678 171 711 232 O.
728 174 857 250 ass-717]
985 181 1023 242 13

70 337 212 418 querellis
230 339 361 400 civitates
379 337 574 400 concitabant.
595 356 651 401 nec
667 338 751 400 domi
761 346 874 401 mutum
888 341 1023 420 indigna-

66 428 165 485 tiones
178 420 378 492 continebant,
395 421 448 484 sed
463 421 720 500 congregabantur
733 423 865 501 undique
875 425 912 486 ad
926 425 1023 486 Titum

66 509 200 577 Tatium,
217 523 319 584 regern
335 505 531 576 Sabinorum,
548 513 577 567 et
597 505 760 584 legationes
774 525 819 578 eo,
835 509 913 585 quod
931 510 1022 569 maxi-

66 609 148 652 mum
170 591 246 650 Tatii
265 607 375 651 nomen
397 591 429 650 in
450 591 487 652 iis
509 590 682 668 regionibus
698 599 774 660 erat,
799 589 1022 654 conveniebant.

67 675 266 736 Caeninenses
281 673 519 752 Crustuminique
540 680 567 734 et
581 674 770 736 Antemnates
782 683 880 748 erant,
898 676 935 737 ad
950 693 1024 754 quos
1042 686 1058 735 2

68 760 131 820 cius
152 759 281 819 iniuriae
301 773 371 834 pars
387 755 562 835 pertinebat.
595 757 675 819 lente
690 758 839 835 agerehis
854 760 955 822 Tatius
971 761 1023 822 Sa-

65 841 190 918 binique
210 841 263 902 visi
284 849 367 908 sunm
392 842 450 919 ipsi
472 842 550 902 inter
571 859 604 902 se
623 849 684 902 tres
704 841 807 920 populi
829 845 1024 905 communiter

67 923 179 987 bellum
193 931 307 1004 parant,
345 942 382 986 nc
403 925 582 986 Crustumini
597 925 716 1002 quidem
733 932 820 1004 atque
835 925 1024 989 Antemnates
1042 935 1059 988 3

67 1027 121 1087 pro
143 1009 251 1070 ardore
268 1010 373 1084 iraque
388 1008 611 1070 Caeninensium
627 1010 696 1070 satis
711 1027 742 1070 se
759 1011 876 1089 inpigre
890 1019 1022 1074 movent:

67 1095 105 1153 ita
126 1110 233 1171 perse
253 1093 351 1171 ipsum
370 1109 479 1154 nomen
504 1091 666 1154 Caeninum
688 1095 719 1152 in
740 1111 844 1171 agrum
858 1093 1023 1162 Romanum
1061 1109 1063 1119 ’

67 1177 211 1254 impetum
225 1175 303 1235 iacit.
324 1175 376 1237 scd
394 1175 486 1237 elluse
497 1173 677 1237 t¹astantibus
693 1177 725 1236 nt
740 1176 843 1239 obrius
857 1196 925 1238 cum
938 1197 1022 1241 exer·
1042 1193 1057 1241 4

69 1262 127 1321 citu
140 1257 294 1328 Romulus,
311 1258 426 1336 levique
442 1260 603 1320 certamine
619 1259 704 1320 docet
715 1277 818 1320 vanarn
832 1262 897 1322 sine
912 1262 1025 1323 viribus

68 1346 141 1404 iram
159 1361 233 1405 esse.
259 1344 420 1405 exercitum
433 1341 531 1403 lundit
541 1342 691 1420 fugatque,
709 1342 807 1404 lusum
818 1347 1023 1423 persequitur;

66 1444 169 1504 regem
186 1427 217 1486 in
232 1424 347 1504 proelio
366 1425 524 1488 obtruncat
540 1433 569 1488 et
584 1425 706 1503 spoliat;
731 1426 806 1488 duce
823 1427 953 1489 hostium
973 1447 1023 1489 oc-

67 1511 128 1572 ciso
144 1507 251 1572 urbem
264 1511 361 1588 primo
377 1511 488 1588 impetn
503 1511 590 1588 capit.

129 1592 202 1655 lndc
215 1595 348 1654 exercitu
359 1595 469 1656 victore
476 1593 599 1655 reducto
607 1595 681 1673 ipse,
689 1613 758 1655 cum
765 1595 1023 1674 facusurmagnt-
1039 1608 1056 1658 a

68 1679 141 1739 licus
164 1684 227 1738 tum
251 1677 396 1738 laetorum
420 1683 580 1739 ostentator
596 1677 675 1738 haud
690 1681 805 1750 minor,
830 1676 924 1757 spolia
940 1678 1023 1740 ducis

67 1761 197 1822 hostium
217 1763 296 1822 caesi
316 1777 459 1840 suspensa
479 1760 623 1822 fabricato
645 1762 680 1822 ad
706 1761 736 1822 id
757 1770 822 1840 apte
842 1762 957 1824 lercnlo
971 1780 1023 1840 gc·

69 1863 138 1906 rens
157 1846 189 1904 in
207 1843 381 1923 Capitolium
402 1845 547 1915 escendit,
568 1844 670 1922 ibique
693 1864 727 1906 ea
743 1863 811 1906 cum
826 1845 863 1906 ad
879 1863 1023 1924 quercum

66 1926 237 2009 pastoribus
252 1945 367 1989 sacram
383 1928 582 2006 deposuisset,
607 1928 694 1990 simul
710 1946 777 1989 cnm
794 1928 871 1990 dono
887 1929 1021 2009 designa·

70 2014 107 2072 rit
116 2010 228 2090 templo
245 2011 321 2073 Iovis
336 2012 413 2083 finis,
428 2028 652 2091 cognomenque
667 2012 778 2073 addidit
789 2013 854 2074 deo.
872 2013 1022 2092 „luppiter
1041 2027 1145 2088 ox„

66 2094 204 2158 Feretri*¹
219 2097 323 2173 inquit,
342 2095 436 2166 „haec
450 2094 505 2156 tibi
521 2097 615 2157 victor
625 2095 768 2158 Romulus
782 2114 835 2158 rex
846 2099 928 2174 regia
940 2115 1021 2158 arma

68 2180 142 2249 lero,
155 2178 356 2257 templumque
368 2178 415 2241 his
429 2177 611 2258 regionibus,
628 2196 701 2256 quas
717 2179 806 2241 modo
821 2181 919 2240 animo
930 2189 1022 2241 meta·

67 2271 114 2325 tns
130 2279 207 2332 snm,
221 2262 327 2323 dedico
340 2264 441 2325 sedem
458 2264 564 2341 opimis
581 2262 694 2342 spoliis,
713 2280 788 2341 quae
802 2263 924 2340 regibus
941 2263 1023 2324 duci-

67 2347 184 2424 busque
197 2346 326 2407 bostium
341 2347 434 2408 caesis
450 2365 498 2408 me
513 2355 666 2408 auctorem
679 2355 836 2425 sequentes
850 2349 962 2425 posteri
979 2348 1022 2408 le·

67 2437 165 2492 rent.“
196 2429 270 2491 haec
285 2428 388 2508 templi
403 2437 448 2492 est
461 2431 556 2508 origo,
573 2430 652 2507 qnod
665 2432 794 2508 primurn
814 2432 946 2506 omniurn
962 2432 1021 2491 llo-
1040 2439 1054 2486 7

67 2533 134 2576 mae
150 2520 297 2574 sacratum
312 2521 364 2575 est.
378 2515 418 2574 ita
435 2514 545 2576 deinde
556 2513 612 2574 diis
626 2515 729 2582 visum
743 2531 799 2574 nec
813 2515 932 2575 inritam
950 2530 1020 2573 con-

68 2597 174 2659 ditoris
187 2596 289 2676 templi
303 2614 405 2658 vocem
425 2617 505 2667 csse,
525 2614 582 2674 qua
598 2595 710 2657 laturos
725 2615 760 2658 eo
777 2595 870 2676 spolia
886 2599 1020 2675 posteros

68 2682 262 2761 nuncupavit,
284 2698 341 2741 nec
361 2678 546 2742 multitudine
568 2686 728 2758 conpotum
746 2680 895 2741 eiusdoni
909 2679 1020 2758 mdgari

68 2764 195 2827 laudem.
216 2764 286 2824 bina
299 2771 400 2843 postea
414 2766 492 2826 inter
508 2771 551 2825 tot
562 2781 664 2835 annos,
680 2771 723 2825 tot
739 2763 817 2826 bella
829 2767 926 2842 opima
937 2771 1020 2842 parta

70 2855 139 2910 sunt
158 2847 267 2928 spolia:
285 2849 441 2910 adcurare
457 2851 521 2912 eius
539 2848 657 2909 fortuna
671 2848 788 2910 decoris
805 2848 867 2909 luit.

132 2931 180 2992 ΧΙ.
203 2932 278 2992 bum
296 2950 329 2992 ea
343 2929 388 2992 ibi
400 2931 526 2994 Romani
540 2939 662 3010 gemuit,
677 2932 895 2993 Antemnatium
910 2933 1023 2993 exerci·
1044 2933 1054 2981 1

70 3027 118 3078 tus
131 3032 186 3094 per
204 3017 390 3079 occasionem
412 3034 446 3077 ac
470 3015 657 3078 solitudinem
672 3015 818 3078 hostiliter
831 3018 864 3076 in
877 3017 951 3078 lines
964 3015 1023 3076 Ro·

71 3117 174 3162 manos
192 3101 393 3162 incursionem
406 3099 484 3160 lacit.
515 3101 623 3178 raptim
641 3106 671 3161 et
685 3099 721 3160 ad
735 3099 791 3160 hos
803 3099 934 3160 Romana
945 3097 1022 3176 legio

72 3183 157 3246 docta
170 3184 284 3264 palatos
298 3184 329 3244 in
344 3183 423 3262 agris
438 3185 594 3262 oppressit.
625 3184 683 3244 insi
696 3184 897 3261 igiturprimo
912 3184 1023 3260 impetu
1040 3187 1057 3237 a

72 3275 100 3330 ct
118 3266 248 3330 clamore
266 3266 381 3338 hostes,
404 3268 544 3346 oppidum
560 3274 692 3346 captum;
717 3265 886 3344 duplicique
902 3267 1022 3327 victoria

72 3359 206 3414 ovantem
225 3349 382 3413 Romulum
405 3348 532 3413 Hersilia
559 3352 687 3412 coniunx
713 3350 853 3429 precibus
872 3358 1023 3429 raptarum

71 3435 188 3515 fatigata
208 3443 287 3504 orat,
308 3442 341 3496 nt
356 3434 529 3514 parentibus
550 3451 651 3496 auum
671 3433 718 3496 dct
733 3435 847 3496 veniam
862 3439 891 3512 et
907 3435 939 3494 in
954 3435 1022 3494 civi-
