2572 3956
345 224 442 268 mauu
456 225 492 269 11.
522 215 655 272 11147.
685 204 727 288 [a.
743 206 856 294 01480]
1019 215 1082 278 109

121 370 281 438 consulum
299 373 415 452 cognito
436 391 489 436 ora
509 373 675 438 accendunt
695 373 821 436 militum
842 377 966 440 animos.
994 375 1082 438 simirl

119 464 155 520 at
170 458 272 520 vanior
291 457 350 520 1111
371 462 434 520 erat
446 455 576 520 bostium
592 459 687 529 acies,
707 458 778 518 dum
799 457 967 520 abundante
983 457 1081 522 11111·-

122 540 225 602 tudine
250 539 319 602 ireti
337 538 486 608 1111111111
505 538 635 604 subsidia
659 543 779 604 mittunt
802 540 841 603 ad
865 550 960 604 castra
985 560 1082 622 oppu-

118 623 250 702 gnanda.
280 624 313 686 in
337 639 413 701 quae
438 623 518 686 baud
542 643 649 704 magno
675 625 836 688 certamine
857 627 970 706 impetu
993 626 1119 699 iactus

119 707 195 770 dum
209 706 337 786 praedae
351 708 444 786 magis
460 725 549 787 11111
562 727 680 788 pugnae
691 727 839 772 memores
856 716 989 774 tererent
1008 716 1083 773 1111-

122 808 196 871 pus,
218 790 314 858 triarii
327 789 468 863 Romani,
492 793 543 870 qui
565 792 693 872 primam
712 793 914 872 inruptionem
936 795 1083 860 sustinere

119 890 186 936 aon
205 876 377 953 pomerano,
397 875 494 938 1111111
513 875 551 937 ad
570 875 708 942 consulas
728 877 857 949 1111111,
873 894 932 956 quo
948 876 1016 942 loco
1032 895 1083 940 res

119 965 238 1029 essent,
262 957 430 1036 conglobati
447 958 482 1022 ad
500 962 683 1040 praetorium
697 959 840 1031 redeunt,
864 968 895 1024 et
910 979 962 1024 sua
978 967 1083 1040 sponte

123 1042 183 1120 ipsi
207 1039 354 1120 proelium
380 1050 531 1106 renovant.
572 1050 602 1106 et
622 1043 748 1107 Manlius
769 1042 875 1106 consul
895 1051 1032 1107 revectus
1052 1046 1118 1115 ins
1235 1045 1237 1048 ·

118 1131 221 1186 castra
249 1125 286 1186 ad
317 1141 420 1187 omnes
443 1135 544 1205 portas
568 1125 661 1189 milite
689 1129 825 1206 opposito
851 1125 986 1190 hostibus
1007 1130 1084 1190 riam

123 1207 281 1270 clauserat
316 1227 351 1270 ca
374 1209 540 1288 desperatio
562 1210 667 1272 'luscis
689 1209 805 1272 rabiem
819 1213 913 1290 magis
928 1229 1017 1289 quam
1031 1229 1083 1272 au·

118 1291 240 1352 daciam
260 1291 403 1354 accendit
437 1309 506 1354 nam
529 1311 595 1354 cum
617 1293 803 1356 incursantes
820 1311 1006 1374 quacumque
1022 1296 1083 1358 exi·

7 1376 17 1385 '
119 1383 188 1436 tum
209 1374 380 1438 osnuderet
400 1393 469 1454 spes
486 1393 559 1438 vano
573 1374 751 1454 aliquotiens
765 1379 878 1456 impetu
895 1379 1001 1450 issent,
1020 1376 1082 1458 glo-

119 1458 183 1520 bus
204 1458 341 1521 iuvenum
362 1475 439 1522 unus
458 1461 488 1519 in
509 1461 606 1538 ipsum
625 1458 793 1530 consulem.
814 1461 962 1539 insignem
983 1463 1082 1535 armis,

119 1542 244 1604 invadit.
275 1544 371 1623 prima
390 1551 512 1622 excepta
533 1562 550 1604 a
575 1541 833 1606 circumstantibus
848 1544 920 1616 tela,
944 1547 1083 1609 sustineri
1102 1551 1116 1600 7

119 1625 233 1689 deinde
254 1628 297 1688 vis
320 1628 431 1704 nequit
469 1625 573 1689 consul
593 1627 747 1690 mortifero
761 1627 884 1690 vulnere
900 1630 977 1691 ictus
995 1630 1082 1701 cadit,

124 1711 242 1788 lusique
264 1711 342 1772 circa
365 1727 477 1772 omnes.
516 1710 620 1773 Tuscis
641 1712 749 1774 crescit
767 1711 904 1784 audacia,
933 1711 1083 1794 Romanos
1101 1717 1119 1768 8

120 1803 224 1856 terrm
246 1810 302 1874 per
322 1801 382 1856 tota
406 1801 501 1856 casua
519 1794 651 1874 trepidos
666 1796 740 1874 agiu
767 1801 796 1858 et
810 1795 847 1857 ad
863 1803 994 1859 exuema
1011 1815 1081 1860 ren·

120 1887 188 1952 tum
208 1877 300 1948 lorct,
321 1878 354 1938 ni
376 1875 464 1956 legati
485 1886 572 1957 rapte
587 1877 718 1940 consulis
732 1895 859 1958 corpore
873 1880 1083 1959 patefecissent

122 1978 184 2022 una
207 1967 293 2040 porta
314 1959 449 2034 bostibm
467 1962 551 2022 viam
583 1979 618 2024 ea
634 1970 809 2042 erumpunt;
835 1970 1083 2042 consternatoque
1100 1969 1117 2022 9

119 2045 242 2123 agmine
263 2043 407 2106 abemtes
425 2045 456 2105 in
472 2045 613 2108 ulcionem
629 2043 755 2108 alterum
769 2045 904 2109 incidunt
918 2046 1080 2110 consulem.

125 2127 168 2188 ibi
183 2129 291 2191 iterum
309 2129 388 2191 oaesi
402 2128 519 2207 fusique
539 2130 657 2206 passim.
669 2162 704 2174 -
714 2129 844 2192 Victoria
857 2133 975 2210 egregia
986 2138 1080 2211 parta,

120 2212 217 2274 tristb
240 2219 338 2274 tamen
358 2209 472 2274 duobus
487 2219 547 2274 tam
564 2209 653 2272 claris
667 2208 832 2272 lunaribus.
862 2215 962 2294 itaque
978 2214 1082 2278 consul
1102 2221 1133 2275 tu

120 2295 306 2358 decernente
320 2303 424 2358 senatu
443 2294 643 2374 triumphum,
667 2294 693 2354 si
709 2295 856 2356 exercitus
873 2299 938 2362 sine
953 2301 1082 2378 impera·

121 2387 192 2438 tore
211 2377 396 2458 triumphare
410 2379 521 2458 possit,
541 2396 597 2458 pro
613 2376 719 2438 ommia
739 2395 774 2438 eo
788 2374 868 2438 bello
885 2397 978 2457 opera
995 2383 1082 2444 facile

120 2473 281 2539 passurum
301 2461 469 2538 respondit:
494 2481 528 2522 se
548 2458 658 2521 familia
679 2459 795 2522 lunesto
816 2457 918 2529 Quinti
933 2461 1007 2523 Fabi
1022 2462 1082 2525 ira·

123 2544 180 2603 tris
193 2548 299 2618 morte,
312 2541 477 2621 republica
493 2551 622 2621 exparte
634 2542 709 2604 orba
723 2539 845 2605 consule
857 2543 951 2606 altero
964 2547 1081 2619 amisso,

120 2623 246 2706 publico
262 2625 436 2706 pdvatoque
450 2626 614 2688 deformem
628 2625 710 2688 luctu
724 2625 856 2690 dameam
871 2646 932 2689 non
943 2637 1081 2708 acceptu·

121 2725 202 2770 rum,
240 2709 323 2770 omni
347 2716 412 2770 acto
440 2710 590 2790 trimnpho
613 2710 763 2789 depositus
785 2711 952 2792 triumphus
974 2711 1082 2776 clarior
1103 2718 1131 2770 lt

121 2793 196 2854 init:
216 2790 290 2854 adeo
312 2799 411 2872 spreta
434 2795 466 2854 in
480 2800 613 2872 tempore
630 2793 723 2873 gloria
738 2795 886 2858 interdum
904 2795 1082 2859 cumulatior

120 2873 221 2938 rediit
246 2876 352 2938 funera
367 2875 474 2940 deinde
489 2877 547 2938 duo
562 2878 703 2958 deinceps
714 2876 846 2958 collegae
855 2879 1014 2959 frenisque
1026 2880 1081 2944 du·

124 2961 181 3030 cit,
195 2959 275 3022 idem
291 2961 322 3021 in
336 2968 462 3038 utroque
479 2960 627 3033 laudator,
646 2980 715 3026 cum
730 2963 922 3026 concedendo
937 2963 996 3026 illis
1013 2982 1081 3028 suas

121 3042 227 3106 laudes
247 3044 312 3123 ipse
326 3043 484 3106 maximam
497 3054 612 3124 partem
628 3064 729 3108 earum
743 3047 843 3109 terret
871 3065 970 3126 neque
985 3049 1079 3111 inme·
1098 3055 1132 3108 ¹12

120 3143 191 3188 mor
206 3127 284 3198 elus,
307 3127 386 3206 quod
400 3128 485 3189 initio
499 3129 668 3192 considatus
682 3128 846 3201 inbiberat,
866 3129 1080 3193 reconciliandi

120 3210 239 3274 ¹animos
258 3209 370 3290 plebis,
395 3213 512 3276 sauolos
533 3213 640 3276 milites
656 3213 803 3274 mirandos
820 3212 1079 3292 diriditpatribus.

122 3292 224 3356 Fabiis
244 3293 367 3373 plurimi
386 3294 459 3367 dati,
481 3312 537 3358 nec
556 3297 627 3358 alibi
649 3297 762 3358 maiore
786 3314 857 3358 cura
876 3295 980 3358 habiti.
1010 3299 1080 3362 lade

120 3375 284 3456 populares
298 3379 358 3440 lam
371 3396 436 3442 asse
454 3377 555 3452 run,
569 3397 625 3443 neo
641 3379 698 3443 hoo
713 3378 773 3448 ulla
787 3398 821 3442 re
836 3381 893 3442 nisi
908 3379 1021 3444 salubri
1035 3384 1082 3444 rei

120 3457 262 3540 publicae
277 3469 349 3526 nte.
1042 3509 1045 3515 ,
