2522 3954
196 212 221 260 X
370 214 418 261 DE
441 214 512 262 ΤΙΤῙ
531 213 618 262 LlVlI
641 214 725 262 VITA
747 213 793 261 mr
815 212 980 312 serpens.

197 387 265 446 quae
280 371 441 429 adieruntur
461 389 476 430 a
491 371 657 442 Quintiliano
673 373 739 430 lnst.
761 363 801 430 or.
816 371 880 436 Vlll,
898 379 923 437 2,
942 377 986 434 18:
1011 389 1092 436 „cum
1107 374 1160 431 iarn

195 455 267 530 apud
273 454 375 513 bivium
386 455 505 514 invenias
520 456 605 514 fuisse
619 464 824 533 praeceptorem
836 437 962 532 aliqu'em,
980 457 1026 532 qui
1043 457 1160 554 discipu-

194 537 238 596 los
253 538 400 598 obscurare
412 557 480 614 quae
495 540 616 598 dicerent
627 540 741 606 iuberet,
757 541 858 600 Gracco
874 541 958 598 verbo
973 547 1053 598 utens
1065 552 1161 598 caora-

195 631 276 688 σον,“
312 631 323 679 t
338 623 460 682 aSeneca
474 623 521 681 lib.
533 624 575 680 ill.
591 633 678 683 contr.
685 625 759 690 XXV,
775 632 818 691 26.
834 625 869 684 el.
884 623 1008 701 Excerpt.
1023 631 1110 683 contr.
1118 625 1159 689 tx,

194 714 283 765 contr.
332 749 339 770 ,
362 713 396 768 ὃς
424 708 474 770 ,,Τ.
491 707 581 766 Livius
604 709 638 766 de
659 709 824 774 oratoribus,
840 709 888 784 qui
903 709 984 766 verba
1001 708 1113 784 antiqua
1133 718 1159 767 et

194 789 304 848 sordida
323 796 530 856 consectantur,
563 799 592 850 et
614 791 745 852 orationis
766 791 959 852 obscuritatem
989 793 1160 851 severitatem

193 883 307 948 putant,
333 874 421 932 aiebat
440 873 579 933 Miltiaden
599 876 739 935 rhetorem
760 875 900 952 eleganter
917 875 1032 934 dixisse:
1056 870 1105 932 ἐπὶ
1127 893 1159 933 το

193 945 309 1027 latrabo
325 953 518 1030 μαίνονται,“
545 967 573 1018 et
591 959 719 1020 iudicium
739 961 807 1018 Livii
829 962 862 1018 de
883 959 1006 1018 Sallustii
1024 960 1159 1019 scribendi

193 1058 296 1116 genere,
311 1041 344 1099 ab
360 1043 455 1101 eodem
472 1042 491 1100 l.
508 1041 527 1099 l.
545 1053 666 1102 controv.
683 1043 769 1108 XXIV,
787 1049 820 1104 14
841 1045 876 1104 cl·
894 1045 1017 1122 Excerpt.
1038 1045 1084 1110 lx,
1103 1046 1158 1109 l,7

192 1123 344 1201 prolatum,
368 1144 437 1202 quae
461 1128 527 1202 quin
544 1145 576 1186 en
597 1127 674 1186 libris
696 1129 842 1186 rhetoricis
859 1129 1003 1205 desumpta
1024 1130 1092 1192 sint,
1118 1130 1159 1186 vis

192 1216 285 1284 potest
299 1210 410 1268 dubium
426 1228 501 1276 esse,
528 1213 690 1287 eademque,
707 1229 786 1287 quam
803 1212 904 1270 subtile
921 1223 950 1270 et
970 1213 1111 1270 subactum
1126 1214 1158 1270 de

192 1293 234 1350 his
252 1310 361 1369 quoque
377 1295 460 1353 rebus
479 1295 548 1352 Livii
562 1296 646 1354 luerit
662 1296 803 1359 iudicium,
820 1297 919 1354 docere
934 1300 1059 1369 possunt.
1086 1296 1158 1364 Quos

191 1377 278 1434 libros
295 1385 388 1436 utrum
398 1379 500 1436 Patavii
516 1397 550 1435 an
562 1379 662 1436 Romae
677 1379 793 1436 ediderit
806 1378 913 1436 definiri
927 1379 1038 1452 nequit;
1056 1381 1082 1436 id
1102 1390 1158 1438 tan·

191 1468 250 1518 tum
270 1461 412 1535 probabile
427 1469 481 1526 est,
500 1479 561 1520 eum
575 1479 610 1520 ne
623 1462 795 1539 provectiore
811 1463 919 1537 quidem
933 1469 1036 1526 aetate,
1056 1472 1083 1520 et
1097 1481 1157 1522 cum

191 1545 244 1601 iam
262 1551 352 1602 totum
366 1546 424 1603 lere
438 1545 571 1604 historiae
588 1563 618 1604 se
633 1547 768 1611 dedisset,
791 1545 837 1604 illa
854 1547 943 1605 studia
957 1563 1072 1622 prorsus
1091 1548 1157 1604 omi-

191 1629 276 1692 sisse,
303 1629 403 1706 quippe
421 1631 511 1704 quiin
536 1625 696 1707 epistula14)
716 1631 749 1689 ad
771 1629 855 1688 filium
875 1632 946 1697 data,
967 1632 1104 1705 quomodo
1127 1649 1155 1690 ea

191 1713 330 1770 tractanda
358 1715 458 1789 quique
487 1714 637 1789 scriptores
659 1715 833 1790 potissimum
852 1713 961 1790 legendi
981 1716 1051 1793 sint,
1076 1733 1157 1791 expo·

192 1796 288 1853 suerit.

247 1879 359 1939 Praeter
379 1882 427 1939 has
451 1881 608 1959 disciplinas
628 1883 694 1940 satis
720 1890 826 1941 mature
843 1883 946 1941 Livium
962 1892 1078 1943 tractare
1096 1901 1155 1943 coe·

193 1979 265 2039 passe
286 1965 429 2020 historiam
454 1967 516 2022 inde
538 1973 665 2041 apparet,
689 1967 762 2039 quod
787 1967 815 2021 in
835 1966 963 2041 dialogis,
991 1987 1060 2042 quos
1076 1969 1154 2026 mode

192 2047 412 2110 commemoravi,
429 2057 574 2124 praecepta
588 2047 817 2125 pbilosophorum
832 2048 947 2108 historia
961 2052 1081 2110 adhibita
1095 2052 1157 2110 illu·

191 2137 294 2188 strasse
315 2131 422 2189 ridetur
436 2141 465 2190 et
479 2132 669 2196 confirmasse,
693 2140 720 2190 et
735 2131 824 2206 quod.
843 2140 874 2189 ut
890 2134 1086 2208 supradictum
1105 2145 1156 2198 est,

191 2215 343 2273 accuratius
368 2216 471 2290 patriae
498 2216 574 2274 urbis
599 2215 760 2278 historiam,
789 2221 933 2290 antequam
960 2217 1021 2274 inde
1046 2217 1155 2276 homan

191 2299 357 2362 diseederet,
379 2300 518 2374 cognitam
540 2300 672 2365 habebat;
690 2306 787 2374 postea
807 2316 871 2356 vero
895 2307 983 2356 totum
1007 2318 1037 2358 se
1056 2303 1154 2360 adhoc

192 2383 311 2440 studium
326 2383 476 2442 contulisse
493 2392 522 2441 et
537 2383 624 2458 ipsius
641 2383 797 2440 testimonio
808 2377 845 2456 ¹⁵)
860 2385 1062 2458 comprobatur,
1081 2395 1109 2443 et
1124 2403 1154 2443 en

192 2467 367 2542 amplitudine
391 2469 497 2543 operis,
522 2469 596 2543 quod
615 2466 777 2542 composuit,
794 2469 989 2544 temporisque,
1010 2487 1064 2545 quo
1080 2471 1107 2527 in
1122 2487 1155 2528 eo

192 2549 349 2618 elaboravit,
364 2552 543 2610 diuturnitate
562 2551 734 2626 intelligitur.
764 2550 830 2610 Nam
849 2552 873 2610 si
895 2555 1093 2629 comparaveris
1114 2573 1152 2617 ea.

192 2651 261 2710 quae
282 2637 310 2692 in
324 2636 458 2709 principio
475 2637 567 2694 statim
583 2637 664 2712 primi
682 2636 745 2694 libri
768 2638 801 2694 de
815 2636 882 2694 urbe
898 2638 1011 2713 eiusque
1031 2638 1154 2715 partibus

190 2719 332 2782 dicuntur,
354 2719 396 2776 vin
409 2718 561 2790 dubitabis,
579 2720 644 2794 quin
661 2721 711 2785 ita,
730 2730 762 2778 ut
776 2721 878 2795 scripta
895 2731 973 2786 sunt,
987 2740 1043 2781 non
1058 2731 1155 2799 potue·

260 2949 301 3013 14)
319 2951 453 3003 Rhetoricis
470 2954 547 3018 potius
564 2954 631 3004 libris
644 2955 843 3017 adpumerandam
857 2971 908 3006 esse
920 2957 981 3006 hanc
994 2958 1116 3022 epistulam
1129 2973 1155 3007 ex

190 3018 222 3068 iis
234 3018 346 3069 concludi
357 3026 441 3083 potest,
459 3035 519 3085 qnae
531 3021 608 3080 Qulnt.
622 3022 679 3072 lust.
693 3038 728 3074 or.
741 3023 768 3082 ll,
783 3022 805 3082 1,
817 3021 865 3081 39:
883 3024 913 3081 11,
925 3023 949 3082 5,
961 3022 995 3074 20
1006 3025 1063 3075 lnde
1074 3031 1155 3089 protn-

190 3085 230 3142 lit;
248 3099 319 3149 quare
337 3085 431 3144 dubito,
448 3102 504 3138 nnm
515 3089 654 3147 llerlalinio,
671 3091 710 3154 qui
728 3091 744 3140 Ι.
757 3091 774 3141 l.
788 3091 890 3153 dialogis
901 3091 1074 3156 philosophicis
1086 3106 1154 3154 prae·

190 3152 260 3201 tinam
272 3166 324 3201 eam
336 3153 411 3203 luisse
423 3154 547 3214 existimat,
560 3157 592 3206 ait
603 3156 795 3214 adsentiendum:
809 3172 949 3223 quamquam
961 3173 1007 3209 non
1020 3159 1154 3219 negaverim

191 3217 314 3268 Ciceronis
326 3222 456 3285 exemplum
466 3219 534 3273 Ollio.
547 3223 566 3280 l,
578 3221 592 3271 1
609 3225 697 3273 similia
709 3225 760 3274 filio
771 3225 941 3290 praecipientis
953 3225 1019 3275 livio
1032 3223 1153 3274 obversari

190 3286 302 3349 potuisse
326 3286 429 3337 Alterum
441 3295 519 3340 utrum
532 3290 584 3340 fleri
595 3291 701 3355 potuisse
713 3293 783 3341 etiam
796 3291 904 3342 Osannns
916 3293 1005 3349 statuit,
1015 3306 1037 3341 r.
1050 3291 1154 3340 Adnota-

144 3413 153 3420 ῃ
191 3352 280 3402 donum
292 3353 370 3404 critis.
384 3355 409 3405 in
421 3355 518 3414 Quintil.
531 3357 588 3408 lust.
602 3372 637 3408 or.
651 3357 705 3409 libr.
719 3358 746 3408 x,
759 3365 820 3423 part.
834 3359 867 3410 111
879 3374 902 3423 p.
918 3355 957 3407 19.

259 3417 301 3484 lo)
321 3421 381 3472 Plin.
399 3423 426 3472 N.
440 3423 469 3474 ll.
482 3425 581 3489 praelat
597 3421 628 3473 16
644 3425 670 3474 T.
689 3425 781 3476 livium
799 3425 888 3475 dixlsse
905 3424 977 3474 tradit
1007 3431 1111 3489 potuisse
1129 3438 1154 3473 sa

191 3486 310 3548 deeldere,
323 3489 346 3540 ni
360 3490 451 3541 animus
463 3492 556 3556 inquies
567 3498 703 3558 pasceretur
715 3506 792 3556 opere.
