2572 3956
197 188 260 252 108
376 203 471 244 crena
489 203 522 245 11.
549 201 620 244 car.
636 193 681 248 46.
699 191 743 248 47.
771 189 856 256 [aaa.
874 203 899 242 e.
916 185 980 256 lit]

1267 100 1274 185 l

1270 223 1274 316 l*

196 365 256 427 qus
273 346 392 426 aliquod
413 351 444 410 in
467 358 526 410 tam
546 351 674 411 mritatls
695 349 801 412 animis
816 355 847 410 et
863 348 1025 410 occasione
1034 349 1165 428 ancipiti
1271 381 1272 404 2

197 431 276 494 haud
299 432 516 511 desperandam
537 425 602 494 esse
626 434 751 494 lacinus.
780 450 830 494 res
845 430 931 494 aliter
943 428 1034 510 longe
1051 434 1159 493 evenit

197 533 267 577 nam
287 533 348 578 non
367 514 425 578 alio
446 522 514 578 anto
527 514 607 578 bello
623 517 759 578 iniustior
772 514 923 577 Romanus
940 547 976 560 -
994 513 1069 577 adeo
1085 513 1161 576 hinc

199 597 386 662 contumeliis
400 599 510 670 hostes,
527 599 597 661 hino
612 598 749 662 consules
762 617 846 662 mora
858 596 1107 660 exacerbaverant
1119 631 1157 646 -

164 681 346 764 sproelium
373 684 447 744 iniit
487 685 535 744 rix
554 681 721 763 explicandi
741 683 861 745 ordines
883 682 1010 762 spatium
1025 681 1164 744 Etruscis
1269 671 1272 688 ‘

198 766 261 836 init,
278 783 346 828 cum
359 765 428 845 pilis
444 767 521 828 inter
534 767 662 846 primam
671 765 899 845 trepidationem
910 765 1032 828 abiectis
1044 772 1160 828 tamma

198 851 292 928 magis
306 866 395 927 quam
410 850 525 912 emissis
537 867 637 930 pugna
652 851 712 911 iam
724 850 756 910 in
772 867 892 921 manus,
906 851 966 910 iam
980 849 1017 910 ad
1034 847 1159 928 gladios,

163 943 181 993 t
197 932 250 994 nbi
263 933 342 995 llars
359 938 403 994 est
417 935 629 1006 adcessimus,
645 935 776 996 venerat
808 934 886 996 inter
901 933 1049 1012 primores
1064 949 1164 1010 genus

197 1015 323 1077 Fabium
345 1017 461 1096 insigne
481 1017 651 1096 spectaculo
674 1015 869 1098 exemploque
889 1014 1002 1078 ciuibus
1020 1022 1091 1078 erat.
1123 1033 1160 1077 ex

198 1098 246 1161 his
267 1096 408 1168 Quintum
428 1099 554 1164 Fabium
570 1133 605 1147 -
622 1103 710 1164 tertio
731 1099 781 1162 hio
800 1117 879 1162 anno
894 1105 962 1162 ante
976 1098 1080 1160 consul
1094 1099 1164 1161 lue·

198 1192 246 1245 rat
264 1215 300 1228 -
320 1185 490 1266 principem
508 1185 540 1246 ln
558 1184 709 1248 confertos
725 1184 862 1248 Veientes
882 1189 1001 1246 euntem
1017 1182 1103 1244 ieron
1117 1183 1161 1242 ri·

199 1265 283 1336 ribus
299 1274 328 1330 et
342 1285 495 1330 mmorum
505 1276 569 1332 arte
580 1269 704 1340 Tuscus,
719 1269 870 1330 incautum
885 1269 964 1329 inter
975 1265 1083 1328 mulus
1093 1283 1161 1328 vcr-
1273 1267 1274 1270 ’

200 1359 313 1414 saniem
328 1351 459 1414 hostium
473 1370 596 1424 manus,
618 1351 716 1432 gladio
731 1358 905 1432 porpectus
919 1351 1080 1430 transilgit;
1099 1349 1164 1411 telo
1273 1361 1274 1366 ’

166 1449 184 1501 t
201 1441 332 1497 extracto
351 1453 498 1515 praeceps
511 1435 622 1498 l'ahlus
637 1438 669 1497 in
690 1434 796 1497 udnus
811 1434 893 1497 abiit
927 1435 1021 1497 sensit
1033 1440 1162 1512 utraque

200 1519 280 1579 acies
296 1520 385 1580 nnius
400 1521 457 1580 viri
473 1537 591 1590 casum,
611 1519 794 1596 cedebatque
814 1517 885 1580 inde
905 1517 1071 1588 Romanus,
1092 1533 1162 1578 cum

199 1601 238 1662 it
259 1599 369 1664 Fabius
390 1602 494 1665 consul
517 1601 666 1665 transiluit
690 1604 815 1666 iacentis
836 1617 963 1682 corpus,
984 1598 1162 1679 obiectaque
1273 1605 1274 1652 l

200 1701 303 1763 parma
310 1684 388 1756 „hoc
400 1687 539 1750 iuraslis⁴‘
551 1687 656 1765 inquit,
663 1685 801 1758 „milites
814 1686 1017 1766 iuglcmcsvos
1024 1685 1057 1745 in
1064 1688 1161 1746 castra

166 1768 368 1830 credituros?
402 1769 476 1832 adeo
496 1771 700 1849 ignavissimos
719 1769 814 1833 hostis
834 1769 928 1849 magis
947 1769 1056 1830 timetis
1072 1783 1163 1846 quam

200 1850 299 1914 lovem
315 1851 508 1932 Mariamque,
523 1871 578 1932 per
593 1869 667 1932 quos
681 1853 818 1916 iurastis!
837 1861 869 1914 at
884 1869 939 1932 ego
953 1853 1099 1914 iniuratus
1111 1858 1163 1915 aut
1269 1867 1271 1872 ·

201 1935 293 1996 victor
310 1943 458 2008 reuertar,
483 1945 533 1998 ant
550 1955 646 2017 prope
662 1945 692 2000 te
706 1936 770 2007 hic,
793 1933 901 2006 Quinte
914 1935 1002 2006 Fabi,
1016 1935 1162 1998 dimicans

201 2017 336 2080 cadam.“
368 2020 484 2084 consuli
502 2029 566 2082 tum
588 2021 680 2084 Caeso
699 2019 808 2082 Fabius
826 2021 937 2100 prioris
952 2020 1023 2081 anni
1037 2017 1160 2080 eonem:

201 2100 359 2172 „verbisne
373 2104 452 2175 istis,
467 2105 575 2175 irater,
592 2111 625 2164 ut
638 2111 785 2182 pugnent,
806 2111 836 2166 te
852 2105 1079 2183 impetraturum
1094 2121 1160 2164 cre·

166 2193 183 2242 7
201 2184 265 2246 disi
279 2185 321 2246 dii
337 2187 547 2265 impetrabunt,
561 2202 616 2262 per
632 2202 706 2263 quos
720 2188 865 2249 iuravere.
897 2195 926 2250 et
940 2205 1010 2258 nos,
1027 2193 1061 2248 ut
1075 2187 1163 2248 decet

199 2285 358 2347 proceros,
378 2278 410 2329 ut
425 2267 518 2328 Fabio
536 2268 657 2344 nomine
679 2276 724 2331 est
740 2269 872 2348 dignum,
886 2269 1045 2351 pugnando
1062 2271 1162 2350 potius

201 2367 289 2426 quam
311 2351 495 2412 adhortando
517 2351 715 2413 accendamus
738 2353 865 2415 militum
888 2356 1034 2415 animos.“
1061 2355 1105 2414 sio
1129 2355 1161 2412 in

199 2433 330 2512 primum
344 2433 469 2498 infensis
483 2435 575 2498 hastis
588 2432 745 2514 prouolant
755 2435 813 2496 dno
824 2433 918 2505 Fabii,
936 2439 1086 2511 totamque
1097 2450 1162 2493 mo·

200 2524 307 2577 verunt
319 2535 422 2580 secum
439 2521 543 2581 aciem.

168 2610 182 2660 1
262 2599 373 2662 XLVII.
398 2602 517 2664 Proelio
535 2586 670 2681 exparte
687 2618 746 2662 una
770 2604 905 2663 restituto
926 2599 1020 2662 nihilo
1041 2601 1163 2679 segnius
1273 2559 1274 2592 ἶ

83 2719 88 2726 =·
201 2685 232 2743 in
256 2700 350 2746 cornu
374 2685 467 2747 altero
489 2686 540 2748 Cn.
556 2685 682 2748 Manlius
701 2682 805 2747 consul
825 2700 956 2764 pugnam
971 2683 1085 2752 ciebat;
1107 2682 1162 2745 urbi

132 2771 184 2841 -2
201 2784 297 2846 prope
313 2767 418 2829 similis
433 2769 551 2830 fortuna
567 2775 612 2831 est
624 2775 749 2832 versata.
777 2785 846 2830 narn
864 2775 898 2828 ut
911 2767 1003 2830 altero
1018 2770 1050 2828 in
1066 2783 1163 2828 cornu
1273 2809 1274 2836 2

182 2841 189 2854 “
203 2847 238 2919 Q.
254 2849 387 2920 Fabium,
402 2853 446 2914 sic
460 2854 491 2912 in
505 2851 563 2913 hoc
578 2854 675 2932 ipsum
690 2851 843 2914 consulem
856 2851 997 2914 Manlium
1011 2854 1069 2913 iam
1082 2849 1163 2914 velut

203 2933 285 2994 fusos
306 2942 443 3012 agentem
463 2935 556 2998 hostis
578 2946 607 2998 et
629 2937 748 3016 inpigre
768 2934 876 2997 milites
897 2937 990 2997 secuti
1009 2943 1093 3007 sunt,
1122 2942 1161 3006 et,

201 3024 235 3078 ut
256 3015 306 3080 ille
327 3021 409 3096 gravi
423 3019 546 3082 vulnere
561 3021 636 3082 ictus
653 3038 690 3082 ex
704 3021 769 3081 acie
783 3021 886 3091 cessit,
901 3019 1090 3082 interiectum
1104 3019 1162 3080 rati

167 3115 184 3168 a
201 3100 326 3179 gradum
339 3103 487 3174 retulere;
505 3105 722 3182 cessissentque
737 3101 822 3174 loco,
837 3106 870 3165 ni
884 3102 986 3166 consul
1003 3102 1077 3165 alter
1093 3119 1162 3164 enm

202 3183 314 3262 aliquot
336 3189 442 3251 turmis
460 3189 598 3266 'emnium
618 3189 650 3249 in
673 3203 738 3250 eam
761 3194 878 3268 partem
902 3187 989 3249 citato
1012 3203 1089 3265 equo
1110 3184 1162 3265 ad·

202 3277 313 3340 vectus,
328 3271 426 3334 viuere
445 3271 598 3333 clamitans
612 3271 766 3351 collegam,
781 3291 813 3334 se
828 3265 972 3334 uictorem
984 3270 1051 3332 suso
1067 3269 1161 3332 altero
1273 3263 1274 3276 *

164 3364 185 3413 4
203 3368 298 3412 cornu
315 3353 435 3426 adesse,
458 3373 524 3418 rena
538 3354 708 3417 inclinatam
724 3355 918 3418 susssnuisset
948 3353 1074 3415 Manlius
1088 3370 1161 3432 qno·

203 3451 261 3513 que
276 3434 313 3496 ad
328 3438 541 3501 restituendam
556 3441 650 3502 aciem
664 3458 696 3503 so
711 3439 776 3520 ipse
793 3455 894 3501 coram
910 3439 1004 3500 ollert.
1036 3438 1163 3499 duorum
1206 3479 1210 3486 -
