2534 3956
346 259 443 302 ursus
457 263 487 306 v.
512 257 582 300 oar.
597 248 641 304 ii·
656 253 701 307 28.
725 239 764 322 [a.
782 237 895 320 &3941
1032 242 1093 308 285

142 413 225 470 sunt:
247 424 299 468 ros
313 405 401 467 fldem
415 408 447 466 in
462 404 541 468 hello
557 423 646 484 quam
655 411 848 484 ‚praesentem
866 406 1018 466 victoriam
1031 423 1094 467 ma·

142 490 252 562 luistis,
266 507 323 550 nos
339 489 396 550 lide
411 490 562 568 provocati
577 491 729 552 victoriam
744 488 823 551 ultro
838 487 1006 560 detulimus.
1020 481 1093 552 'sub
1114 499 1144 551 14

142 575 259 636 dicione
269 579 366 635 vestra
374 591 485 634 sumus.
514 574 638 646 mitum,
649 575 702 650 qui
713 590 815 644 arma,
830 574 881 651 qrri
897 571 1030 644 obsides,
1043 572 1095 650 qui

143 656 248 720 urbem
261 655 429 736 patentibus
444 658 537 734 portis
552 657 710 745 accipitri„
735 674 796 718 mco
817 675 868 718 vos
883 656 952 718 fidoi
975 663 1094 718 nosuae

142 758 265 802 nocuos
277 739 397 818 imperii
410 738 708 819 vesutpamiebic‘*
735 739 855 802 Camillo
863 746 898 802 et
908 737 944 802 uh
960 737 1095 800 hostibus
1114 747 1145 800 io
1166 795 1178 816 ,

143 829 203 886 eta
220 822 565 900 civibusgratiaeaotse
591 821 714 886 Faliscis
726 821 1095 904 instipandiummilitum

143 908 207 972 eius
220 908 312 978 mor„
328 914 362 970 ut
373 905 503 986 populus
515 907 674 972 ,liemarus
684 905 795 970 trihuto
811 913 943 976 vacaret,
965 905 1094 986 pecunia

142 993 293 1070 imperata.
320 1009 397 1070 pace
411 991 479 1054 data
490 993 635 1058 mumius
650 989 936 1054 Romamreductus.

207 1073 332 1138 xsvsu.
364 1072 507 1136 v(iamillus
531 1073 655 1136 meliore
676 1073 769 1134 multo
790 1072 892 1144 laude,
920 1091 1008 1150 ouem
1029 1089 1095 1133 cum
1112 1090 1225 1150 20„-

142 1157 372 1236 trimuphantem
388 1155 447 1217 albi
468 1175 522 1235 per
534 1156 639 1220 oriem
655 1163 795 1218 vexerant
808 1159 891 1236 equi,
916 1157 1040 1233 insignis
1052 1157 1096 1216 iu·

143 1242 221 1302 stitia
234 1240 352 1318 ideque
364 1238 498 1302 hostilius
505 1240 593 1302 uictis
606 1257 673 1302 cum
688 1240 718 1302 iu
729 1238 994 1309 -ruhemzredissot,
1003 1239 1096 1299 tacite

144 1325 206 1386 eius
223 1322 432 1408 ¹verecundiam
446 1340 508 1386 non
527 1322 594 1384 tulit
608 1329 743 1392 senatus,
766 1323 836 1401 quin
857 1323 923 1386 siue
940 1339 1024 1384 mora
1038 1321 1096 1381 voti

142 1405 336 1474 liberaretur;
353 1413 556 1484 crateramque
567 1423 687 1469 auream
704 1405 814 1474 donum
824 1404 952 1486 Apollini
967 1402 1096 1484 Delphos
1114 1422 1131 1471 2

142 1489 231 1568 legati
253 1491 304 1568 qui
321 1490 435 1552 terrant
450 1490 482 1552 L.
499 1490 633 1552 Valerius
643 1489 675 1550 L.
688 1489 814 1566 Sergius
825 1489 858 1552 n
875 1487 1000 1550 Manlius
1015 1488 1098 1550 missi

142 1573 231 1652 longa
251 1591 310 1636 una
325 1591 402 1636 nave
418 1573 498 1638 haud
518 1573 623 1653 procul
637 1573 715 1636 ireto
735 1570 836 1635 Siculo
853 1591 870 1635 a
890 1575 994 1653 piratis
1009 1572 1096 1650 Lipa-

142 1658 275 1720 rensium
295 1659 412 1737 excepti
433 1658 618 1720 devehuntur
639 1657 774 1736 liparas.
809 1674 874 1718 mos
894 1663 957 1718 erat
969 1656 1131 1722 ,uisitatisa

143 1739 222 1802 velut
243 1740 365 1821 publico
385 1740 539 1802 latrocinio
559 1747 675 1819 partam
693 1739 836 1818 praedam
853 1738 991 1803 diuidere.
1020 1737 1097 1798 sorte

144 1843 179 1886 eo
201 1841 279 1884 anno
297 1825 328 1884 in
344 1842 461 1888 summo
475 1825 649 1902 magistratu
668 1831 732 1884 erat
751 1819 947 1887 Timasitheus
968 1820 1096 1902 quidam,

142 1904 283 1968 Romanis
299 1907 342 1966 uir
357 1905 481 1968 similior
496 1924 583 1985 quarn
594 1908 670 1976 suis,
685 1907 735 1982 qui
742 1903 910 1984 legatorum
922 1922 1030 1967 nomen
1045 1903 1096 1964 do·
1114 1913 1130 1962 t

143 2005 273 2068 numque
286 1997 318 2050 et
336 1989 439 2059 oleum,
456 1990 504 2052 cul
520 1991 700 2057 mitteretur,
719 1996 752 2050 ot
766 1989 836 2050 doni
848 2006 973 2050 ¹caussam
989 1987 1098 2050 veritus

142 2073 207 2150 ipse
232 2071 449 2136 multitudinem
472 2090 604 2151 quoque,
631 2090 706 2149 quae
732 2071 964 2152 sempericrme
982 2071 1098 2150 regenti

145 2160 190 2216 est
203 2154 321 2226 similis,
331 2154 490 2234 ,religionis
509 2157 606 2218 iustae
616 2153 759 2234 ¹inplerit;
769 2155 977 2235 ,sedunosque
995 2156 1027 2216 in
1042 2171 1097 2234 pu·

143 2236 254 2300 olioum
264 2238 429 2318 hospitium
439 2239 550 2318 legatos
562 2257 630 2300 cum
641 2238 788 2318 praesidio
800 2239 889 2302 fflam
901 2240 1020 2300 narium
1029 2235 1097 2298 liel-

142 2319 218 2401 phos
227 2328 403 2401 prosecutus
414 2322 537 2384 Romam
552 2322 621 2384 iude
636 2322 761 2400 sospites
775 2322 910 2384 restituit
937 2319 1098 2401 hospitium
1115 2325 1132 2376 h

143 2423 211 2466 eum
232 2424 267 2468 eo
293 2410 412 2470 senatus
439 2404 573 2468 consulto
601 2412 646 2466 est
673 2405 784 2466 factum
812 2405 947 2483 donaque
976 2403 1096 2483 publice
1177 2451 1189 2457 -

205 2569 318 2631 Eodem
334 2587 411 2630 auno
428 2571 460 2628 in
473 2569 583 2646 Aequis
600 2571 680 2629 varie
693 2567 855 2639 bellatum,
872 2570 945 2631 adeo
963 2576 995 2629 ut
1010 2571 1041 2630 in
1052 2569 1097 2629 in·

145 2661 226 2716 certo
243 2653 334 2714 fuerit
354 2657 384 2714 et
404 2651 482 2732 apud
499 2652 580 2730 ipsos
602 2653 747 2712 exercitus
767 2660 797 2713 et
813 2651 940 2723 Rornae,
960 2653 1099 2714 vicissent

58 2727 67 2744 '
144 2737 251 2798 victine
268 2743 373 2798 essent
404 2736 600 2813 imperatores
613 2733 738 2796 Romani
753 2733 837 2797 luere
852 2755 888 2798 ex
903 2735 1029 2797 tribunis
1043 2735 1099 2794 mi-
1115 2747 1133 2801 t

144 2820 229 2882 litum
243 2820 273 2882 G
288 2817 429 2880 Aemilius
440 2819 490 2898 Sp.
505 2817 681 2888 Postumius.
711 2819 808 2898 primo
826 2836 892 2882 rem
904 2818 1098 2880 communiter

144 2910 313 2982 gesserunt:
340 2902 413 2964 lusis
431 2901 501 2964 iude
528 2901 591 2964 arie
616 2898 751 2964 hostibus
771 2901 927 2964 Aemilium
949 2901 1097 2981 praesidio

143 2988 339 3064 Verruginem
362 2985 497 3048 obtinere
524 2983 650 3064 placuit,
677 2984 862 3048 Postumium
881 2987 956 3048 lines
975 2991 1097 3048 vastare.

144 3070 187 3131 ihi
202 3087 269 3130 oum
280 3070 474 3147 incomposito
487 3069 604 3146 agmine
617 3067 820 3150 neglegentius
834 3068 871 3132 ah
883 3086 916 3131 re
931 3068 1098 3148 benegesto
1115 3080 1131 3132 7

145 3158 265 3218 euntem
294 3152 389 3212 adorti
405 3149 499 3228 Aequi
514 3158 631 3212 terrore
651 3153 759 3213 iniecto
774 3153 805 3212 in
816 3155 967 3231 proximos
986 3170 1098 3234 conpu-

145 3235 207 3298 lere
224 3233 368 3304 tumulos,
390 3251 539 3313 pavorque
556 3233 626 3296 inde
641 3234 835 3314 Verruginem
857 3238 944 3298 otiam
960 3237 996 3298 ad
1011 3254 1097 3316 prae·

145 3319 253 3381 sidium
268 3317 393 3380 alterum
411 3325 455 3378 est
469 3317 615 3398 perlatus·
635 3317 804 3381 Postumius
820 3321 883 3382 suis
897 3319 928 3380 iu
942 3327 1036 3383 tutum
1049 3338 1098 3382 re·
1114 3326 1132 3378 8
1252 3340 1254 3344 ’

146 3403 238 3482 ceptis
259 3419 327 3462 cum
345 3401 483 3463 contione
502 3399 638 3462 advocata
654 3408 801 3465 terrorem
815 3403 983 3484 increparet
1004 3423 1038 3466 ac
1052 3403 1098 3465 iu·

147 3501 227 3564 garn,
245 3485 327 3548 lusos
339 3503 404 3548 esse
415 3483 452 3548 ab
464 3485 649 3564 ignavissimo
661 3503 696 3546 ac
709 3486 896 3566 fugacissimo
910 3487 1009 3558 hoste;
1026 3506 1097 3549 con·
