2572 3956
251 227 346 270 uronis
361 229 383 271 1.
410 227 480 270 car.
496 219 540 275 48.
554 219 598 274 49.
615 221 659 272 50.
687 207 726 290 [a.
744 209 777 270 O.
794 207 922 290 578·510]
1027 213 1064 276 51

113 388 143 440 ut
152 376 232 448 hono
245 377 332 438 etiam
346 375 557 453 moderatoque
569 376 741 438 succedenti
752 376 816 454 regi
828 375 956 436 difficilis
967 394 1066 438 aemu-

109 461 179 522 latio
198 466 283 522 esset.
312 467 444 521 ceterum
458 459 488 520 id
504 476 621 537 quoque
636 459 672 520 ad
692 457 817 537 gloriam
833 461 972 530 accessit,
989 461 1067 537 quod

111 562 177 605 cum
188 543 239 604 illo
252 540 340 604 simul
353 544 429 604 iusta
440 559 475 602 ac
486 541 616 621 legitima
627 561 719 622 regna
733 543 915 605 occiderunt.
929 543 959 604 id
971 545 1068 622 ipsum

110 635 168 689 tam
185 630 255 690 mite
275 643 309 686 ac
327 633 387 687 tarn
400 626 585 688 moderatum
599 628 759 706 imperium
776 633 884 697 tanmn,
901 628 969 704 quia
980 629 1067 688 unius

110 718 201 782 esset,
223 711 374 789 deponere
392 727 460 770 eum
476 710 507 769 in
526 710 624 771 animo
640 709 778 771 habuisse
794 709 913 787 quidam
931 716 1068 772 auctores

109 802 186 866 suut,
202 796 233 854 ui
250 791 347 855 scelus
362 793 533 854 intestinum
548 792 720 854 liberandae
735 796 848 872 patriae
866 793 988 854 consilia
1005 794 1067 872 agi·

109 880 183 940 tanti
193 877 408 939 intervenisset.

169 960 268 1022 XLIX.
298 959 370 1020 lude
391 958 422 1020 L.
441 958 619 1037 Tarquinius
638 978 765 1039 regnare
790 962 921 1040 occepit,
945 963 993 1024 cui
1010 961 1069 1022 Su·

109 1043 203 1126 penho
225 1061 389 1122 cognomen
412 1041 488 1103 lacta
509 1043 697 1116 indiderunt,
725 1046 792 1123 quia
816 1062 953 1106 socerum
974 1063 1066 1124 gener

110 1127 259 1207 sepultura
277 1125 438 1206 prohibuit,
455 1125 613 1188 Romulum
629 1145 745 1208 quoque
760 1127 939 1207 insepultum
953 1129 1066 1206 perisse

110 1212 262 1280 dictitans:
283 1212 489 1288 primoresque
505 1218 636 1289 patrum,
661 1213 734 1288 quos
751 1212 835 1272 Servi
849 1209 940 1272 rebus
961 1211 1065 1272 lavisse

111 1294 259 1365 credebat,
271 1293 435 1361 interleclt;
453 1295 589 1355 conscius
600 1292 706 1356 deinde
718 1293 794 1355 male
807 1293 969 1371 quaerendi
979 1295 1065 1371 regui

109 1377 146 1441 ab
163 1397 195 1440 se
211 1379 276 1457 ipso
289 1375 430 1439 adversus
445 1393 477 1438 se
494 1376 661 1456 exemplum
679 1377 745 1456 capi
758 1395 855 1455 posse,
869 1378 987 1437 armatis
999 1394 1065 1436 cor·
1133 1380 1135 1385 '

109 1480 165 1542 pus
192 1460 423 1539 circumsaepsit.
455 1476 553 1537 neque
575 1463 654 1521 enirn
674 1460 711 1521 ad
734 1461 780 1522 ius
801 1461 887 1538 regni
908 1461 1066 1537 quicquam

110 1554 228 1626 praeter
250 1547 309 1604 rim
327 1541 471 1614 habebat,
491 1551 523 1604 ut
544 1545 595 1621 qui
619 1560 717 1621 neque
742 1543 844 1622 populi
864 1546 948 1604 iussu
968 1561 1064 1621 neque

111 1627 280 1691 auctoribus
294 1625 428 1706 patribus
442 1634 589 1704 regnaret.
615 1645 650 1688 eo
666 1627 833 1698 accedebat,
850 1635 882 1687 ut
898 1628 930 1686 ln
944 1628 1065 1688 caritate

110 1713 215 1774 civium
235 1711 310 1773 nihil
329 1711 394 1790 spei
407 1712 564 1788 reponenti
578 1718 658 1772 metu
672 1729 797 1789 regnum
811 1709 963 1770 tutandum
979 1717 1064 1772 esset.

110 1812 199 1874 quem
212 1801 245 1855 ut
257 1793 393 1872 pluribus
409 1795 563 1865 incuteret,
581 1795 765 1872 cognitiones
781 1793 948 1873 capitalium
962 1811 1064 1854 rerum

109 1881 173 1942 sine
189 1876 318 1939 consiliis
339 1893 393 1956 per
409 1895 440 1938 sc
456 1875 536 1937 solus
552 1877 721 1948 exercebat,
737 1894 850 1955 perque
866 1894 931 1938 eam
947 1893 1065 1938 causam
1082 1888 1098 1938 o

110 1961 263 2032 occidere,
285 1963 316 2021 in
343 1957 463 2021 cullium
485 1976 588 2037 agere,
610 1959 696 2021 bonis
718 1959 843 2022 multare
868 1967 984 2039 poterat
1004 1977 1065 2020 uon

109 2052 263 2124 suspectos
284 2043 372 2104 modo
394 2049 444 2104 aut
461 2043 585 2114 invisos,
607 2043 660 2104 sed
684 2042 761 2104 unde
781 2042 855 2104 nihil
880 2043 958 2105 aliud
977 2061 1065 2122 quam

109 2128 250 2209 praedam
265 2142 387 2206 sperare
401 2133 509 2205 posset.
524 2128 683 2204 praecipue
699 2129 739 2187 ita
754 2135 871 2207 patrum
882 2146 1007 2189 numero
1018 2129 1064 2186 in·
1082 2135 1099 2186 o

109 2213 223 2273 minuto
246 2211 345 2272 statuit
366 2208 465 2271 nullos
484 2209 516 2269 in
531 2218 630 2289 patres
646 2209 763 2288 legere,
787 2226 844 2289 quo
869 2212 1065 2288 contemptior

110 2296 257 2375 paucitate
275 2295 338 2373 ipsa
360 2293 434 2355 ordo
456 2299 547 2363 esset,
568 2294 724 2370 minusque
744 2312 799 2373 per
822 2313 854 2356 se
869 2293 942 2354 nihil
957 2295 1005 2370 agi
1019 2295 1064 2352 in·

111 2379 313 2456 dignarentur.
346 2376 395 2437 bic
419 2377 498 2438 enim
514 2393 619 2454 regum
635 2378 749 2455 primus
765 2378 904 2438 traditum
924 2377 1064 2454 apriori·
1081 2382 1096 2430 r

110 2461 167 2523 bus
185 2478 300 2522 morem
320 2460 357 2522 de
380 2458 517 2520 omnibus
538 2466 671 2530 senatum
693 2459 867 2522 consulendi
887 2459 988 2529 solvit,
1013 2459 1064 2519 do-

110 2545 241 2608 mesticis
256 2541 386 2605 consiliis
402 2560 467 2604 rem
483 2540 632 2621 publicam
646 2542 864 2611 administravit,
885 2541 996 2603 bellum
1011 2559 1062 2621 pa·

112 2646 176 2690 cern
193 2626 314 2688 foedera
328 2628 483 2688 societates
498 2643 552 2704 per
571 2643 603 2686 se
619 2625 682 2703 ipse
699 2623 765 2684 cuim
782 2623 888 2703 quibus
905 2623 996 2684 voluit
1018 2626 1063 2684 in-

111 2714 193 2774 iussu
209 2709 313 2790 populi
333 2727 368 2771 ac
385 2716 504 2771 senatus
518 2708 588 2769 lecit
603 2707 788 2786 direnritque.
819 2707 990 2769 Latinorum
1006 2707 1064 2769 sibi
1081 2717 1097 2768 8

111 2797 237 2857 maxime
255 2801 371 2872 gentem
389 2790 580 2862 conciliabat,
598 2798 630 2851 ot
642 2793 808 2871 peregrinis
825 2808 942 2869 quoque
958 2791 1064 2871 opibus

111 2880 202 2940 tutior
219 2880 296 2938 inter
315 2878 392 2938 cives
407 2883 492 2946 esset,
506 2892 604 2952 neque
620 2874 746 2953 hospitia
766 2876 853 2936 modo
870 2893 937 2936 curu
952 2876 1063 2954 primo-

110 2961 195 3024 ribus
211 2979 314 3022 eorum
330 2960 382 3022 sed
399 2959 562 3020 adfinitates
577 2975 694 3036 quoque
705 2958 853 3038 iungebat.
873 2959 991 3020 Octauio
1003 2959 1062 3018 Ma-

111 3044 193 3108 milio
205 3042 372 3106 Tusculano
391 3077 425 3088 -
442 3044 468 3104 is
481 3042 569 3120 lunge
584 3043 723 3120 princeps
739 3041 833 3103 Latini
850 3043 978 3103 nominis
990 3050 1062 3111 erat,
1080 3051 1097 3102 9
1114 3065 1116 3070 ’

111 3131 137 3192 si
153 3129 246 3190 lamae
261 3127 418 3198 credimus,
433 3125 469 3188 ah
487 3125 571 3189 Ulixe
587 3124 699 3202 deaque
715 3125 799 3187 Circa
813 3125 955 3186 oriundus
972 3156 1019 3194 -,
1034 3126 1063 3185 ei

79 3261 85 3270 .
111 3211 239 3276 Mamilio
254 3210 344 3272 filiam
358 3218 481 3291 nuptum
497 3209 554 3279 dat,
569 3226 683 3287 perque
696 3227 745 3270 eas
758 3210 875 3288 nuptias
886 3206 994 3268 multos
1005 3206 1061 3269 sibi

112 3304 252 3376 cognatos
267 3296 435 3372 amicosque
453 3295 516 3355 eius
533 3291 676 3355 conciliat.

175 3379 210 3442 L:
240 3379 301 3440 lam
320 3395 425 3458 magna
446 3377 589 3454 Tarquini
612 3377 769 3438 auctoritas
788 3377 866 3438 inter
891 3377 1059 3440 Latinorum
1082 3383 1094 3437 l

111 3469 253 3546 proceros
265 3470 336 3534 erat,
352 3479 418 3524 cum
430 3461 461 3522 iu
473 3461 552 3523 diem
562 3468 672 3522 certam
687 3459 765 3521 ulad
778 3459 1060 3610 lucuqrforcntinae
