2580 3954
225 193 288 258 250
358 206 454 248 orara
469 207 512 250 rv.
540 207 611 250 cor.
627 197 671 254 56.
685 197 729 253 ot.
756 188 798 270 [a.
813 208 842 249 u.
859 210 885 248 o.
901 199 960 252 346.
977 193 1038 271 att]

225 353 452 434 populabundos
464 355 495 416 in
510 357 588 433 agris
604 355 703 432 vagari
716 353 865 416 Romanos
876 356 978 434 priore
990 373 1068 416 anno
1084 365 1115 419 et
1130 376 1184 437 op·

190 449 208 500 d
225 439 314 517 primi
328 439 500 516 Verruginis
514 439 695 517 praesidium
709 439 788 516 possi
808 445 915 500 essent
945 439 1004 499 iarn
1019 457 1081 500 non
1097 460 1185 502 exer·

112 515 116 524 '
224 525 299 583 citus
315 522 403 583 modo
418 529 546 583 armatos
560 523 615 584 sed
628 521 759 584 colonias
771 523 861 582 etiam
873 523 905 582 in
917 540 987 584 suos
1000 524 1076 586 fines
1089 526 1184 594 mione

224 623 280 666 nec
296 607 377 684 ipsos
392 605 479 666 modo
494 605 645 671 Romanos
658 623 714 666 sue
727 605 819 666 dorsa
832 604 961 676 hahere,
975 607 1029 668 sod
1046 607 1184 670 Ferenti·

189 709 206 758 7
223 707 295 750 num
311 691 398 750 etiam
410 689 447 750 de
462 707 494 752 se
513 697 630 768 captum
643 689 781 750 Hernicis
802 689 936 758 donasse.
965 690 1002 755 ad
1021 690 1096 756 haec
1115 711 1184 754 cum

222 773 476 834 inflammarentur
487 775 591 844 animi,
607 781 640 835 ut
653 773 690 834 ad
705 789 838 851 quosque
848 779 967 834 ventum
983 781 1062 844 arat,
1077 793 1183 838 nume-
1269 803 1270 806 ¹

221 875 275 918 rus
290 857 442 917 iuniorum
460 855 712 918 consorihehatur.
739 858 781 917 ita
797 857 929 918 omnium
941 857 1121 937 populorum
1135 860 1183 920 iu·
1269 883 1270 898 ¹

221 946 325 1002 ventus
338 941 457 1000 nntium
472 947 632 1002 conuecta.
662 938 705 1000 ibi
723 941 828 1001 castris
842 941 946 1019 positis
957 941 1075 1004 hostem
1089 961 1183 1022 oppe-

185 1042 204 1094 ss
220 1021 383 1084 riehantur.
412 1041 488 1101 quae
499 1022 551 1084 uhi
563 1022 692 1084 tumultu
701 1025 815 1086 maiore
827 1026 928 1096 mano,
944 1042 1033 1103 quam
1046 1045 1096 1090 res
1107 1035 1182 1098 crat,
1269 1035 1270 1110 q

221 1107 393 1167 nuntiantur
407 1106 547 1178 Romam,
563 1115 682 1170 senatus
697 1105 859 1186 extemplo,
878 1109 959 1186 quod
971 1111 1002 1184 in
1013 1109 1105 1173 rebus
1119 1117 1182 1173 tre·

183 1189 297 1269 qpidis
308 1189 444 1252 ultimum
458 1191 614 1252 consilium
626 1199 702 1263 erat,
718 1193 891 1254 dictatorem
902 1193 961 1254 dici
971 1195 1064 1255 iussit.
1091 1211 1182 1272 quarn
1269 1195 1270 1198 ’

219 1291 284 1334 rem
298 1291 388 1352 aegre
403 1293 506 1354 passos
520 1274 627 1337 lulium
642 1275 871 1353 Corneliumque
882 1275 996 1346 larunt,
1011 1295 1181 1355 magnoque
1269 1279 1270 1282 ’

170 1365 203 1418 to
221 1359 382 1418 certamine
405 1361 571 1420 animorum
589 1377 655 1420 rem
679 1367 789 1430 aotam,
811 1377 878 1420 curru
901 1361 1048 1437 primores
1062 1369 1182 1439 patrum
1269 1363 1270 1412 ἶ

219 1443 398 1518 nequiquam
416 1443 570 1520 conquesti
586 1460 647 1503 non
666 1461 731 1506 esse
752 1444 783 1502 in
804 1445 978 1504 auctoritato
993 1452 1112 1506 senatus
1125 1447 1181 1506 tri·
1269 1459 1270 1470 ²

218 1522 316 1585 hunos
327 1523 452 1584 militurn
472 1532 622 1602 postremo
639 1527 728 1588 etiam
744 1525 880 1587 trihunos
891 1525 971 1605 plehi
984 1526 1179 1607 appellarent,

219 1612 249 1666 et
263 1605 433 1668 oonstdibus
449 1623 568 1685 quoque
582 1607 619 1668 ab
637 1628 671 1671 ea
686 1616 830 1690 potestate
844 1611 904 1670 rim
917 1628 1008 1688 super
1021 1611 1074 1672 tali
1086 1629 1122 1674 re
1133 1614 1180 1672 in-

168 1695 199 1745 11
217 1689 342 1750 hibitam
361 1690 524 1760 referrens
553 1690 666 1753 tribuni
687 1691 769 1772 plebi
796 1691 867 1754 laeti
893 1693 1040 1756 discordia
1060 1701 1181 1774 patrum

217 1772 293 1832 nihil
309 1792 373 1834 esse
394 1774 426 1832 in
445 1775 482 1835 iis
492 1773 593 1836 auxilii
609 1775 757 1848 dicerent,
780 1775 887 1852 quibus
901 1794 963 1838 non
980 1779 1100 1849 civium,
1116 1797 1178 1844 noo

170 1861 201 1912 12
219 1855 349 1934 denique
368 1855 521 1918 hominum
544 1875 670 1920 numero
696 1866 802 1920 essent.
839 1861 865 1920 si
890 1860 1008 1938 quando
1035 1863 1180 1941 promisci

217 1937 364 2010 honores,
381 1943 594 2002 communicata
612 1941 795 2022 respublica
811 1951 901 2013 esset,
917 1951 1027 2006 tumse
1045 1946 1179 2008 animad·
1197 1947 1199 1954 ’
1269 1947 1270 1950 ’

216 2040 364 2094 versuros,
376 2041 414 2086 ne
425 2041 482 2101 qua
492 2025 631 2104 superbia
641 2026 863 2105 magistratuum
875 2027 1177 2090 imitasenatuscon·

165 2113 199 2167 ἰθ
217 2106 292 2168 sulta
308 2113 421 2175 essent:
435 2108 555 2170 interim
571 2111 704 2188 patricii,
722 2109 810 2171 soluti
824 2108 923 2188 legum
938 2114 1177 2189 magistratuum·

216 2208 274 2268 quo
294 2191 488 2261 verecundia,
515 2209 570 2269 per
594 2212 626 2254 se
650 2210 768 2272 quoque
790 2193 981 2263 tribuniciam
1001 2202 1178 2274 potestatem

215 2280 345 2350 agerent.

181 2359 195 2410 t
277 2353 361 2414 LVII.
391 2355 471 2417 Haec
492 2360 641 2418 contentio
662 2359 783 2420 minime
806 2360 914 2422 idoneo
935 2369 1084 2440 tempore,
1106 2379 1176 2423 oum

214 2444 327 2499 tantum
349 2437 422 2500 belli
443 2441 475 2499 ln
496 2439 634 2503 manibus
655 2449 745 2512 esset,
769 2452 965 2520 occupaverat
981 2447 1175 2523 cogitationes

177 2520 383 2592 thomicem,
403 2523 514 2592 donec,
544 2523 596 2584 ubi
624 2526 674 2586 diu
694 2523 815 2588 alternis
835 2526 926 2589 lulius
949 2527 1173 2606 Corneliusque,

214 2623 282 2665 cum
299 2606 336 2666 ad
351 2607 382 2666 id
396 2605 507 2668 bellum
524 2609 581 2685 ipsi
599 2611 668 2669 satis
683 2609 784 2669 idonei
799 2612 889 2672 duces
904 2619 1016 2682 essent,
1031 2629 1092 2671 non
1107 2631 1173 2674 esse

213 2705 340 2766 aequum
369 2690 539 2750 mandatum
561 2691 619 2752 sihi
639 2711 655 2753 a
676 2691 787 2772 populo
807 2695 882 2772 eripi
908 2693 1055 2756 honorem
1079 2695 1173 2758 disse·

176 2780 316 2842 uouere,
337 2780 399 2832 tum
415 2771 506 2834 Ahala
530 2774 670 2838 Servilius
690 2775 828 2838 tribunus
847 2777 972 2840 militum
992 2781 1119 2841 tacuisse
1139 2799 1172 2842 se

211 2861 271 2914 tam
286 2855 337 2915 diu
355 2857 412 2926 ait,
427 2874 488 2916 non
509 2859 577 2935 quia
593 2860 726 2922 incertus
740 2863 902 2923 sententiae
917 2863 1008 2924 inerit
1026 2896 1062 2908 -
1082 2880 1172 2939 quem

213 2939 292 2998 enim
305 2937 417 2998 honum
433 2941 527 3001 civem
548 2959 706 3005 secernere
726 2961 778 3005 sua
797 2944 955 3024 apublicis
971 2945 1112 3008 consiliat
1132 2979 1168 2990 -
1269 2989 1270 3018 ;

211 3020 264 3081 sed
284 3023 353 3097 quia
373 3021 511 3085 maluerit
532 3022 661 3104 collegas
679 3045 731 3088 sua
752 3036 858 3105 sponte
876 3029 984 3092 cedere
1005 3029 1171 3106 auctoritati
1269 3023 1270 3068 ³

211 3111 344 3176 senatus,
369 3121 456 3183 quam
471 3107 660 3170 tribuniciam
681 3117 854 3189 potestatem
869 3113 1010 3176 adversus
1023 3133 1055 3176 se
1073 3111 1170 3192 inplo-

175 3197 194 3244 4
209 3189 272 3248 rari
288 3196 468 3267 paterentur.
497 3198 560 3252 tum
578 3209 711 3270 quoquo,
733 3195 758 3255 si
775 3211 825 3256 ros
840 3197 966 3267 sineret,
987 3197 1115 3258 hbenter
1136 3214 1170 3257 se

209 3270 347 3332 daturum
367 3279 483 3353 tempus
504 3277 541 3335 iis
561 3276 652 3337 fuisse
672 3277 709 3337 ad
728 3285 881 3356 receptum
900 3279 988 3342 nimis
1009 3278 1170 3357 pertinacis

210 3357 382 3415 sententiae.
414 3357 467 3416 sed
482 3375 550 3417 cum
565 3356 638 3419 belli
652 3362 843 3422 necessitates
864 3379 924 3422 non
940 3368 1100 3441 expectent
1112 3359 1169 3421 hu·

174 3447 192 3498 t
209 3452 296 3500 mana
307 3437 446 3508 consilia,
462 3442 608 3518 potiorem
624 3442 681 3503 sihi
695 3442 874 3522 collegarum
889 3447 981 3524 gratia
994 3463 1059 3507 rem
1069 3442 1169 3525 puhli-
