2548 3954
216 211 259 272 40
364 222 459 263 erese
476 223 496 262 1.
531 222 600 263 car.
617 213 661 267 36.
677 211 720 266 37.
749 201 788 284 [a.
803 223 832 262 u.
850 223 874 262 e.
890 201 1017 279 rae-rto]

218 379 251 431 ut
266 370 375 440 lerunt,
393 387 467 447 „age
478 369 568 430 dum“
583 370 687 445 inquit,
705 368 822 439 „divine
839 377 882 439 tu,
895 369 1049 446 inaugura,
1063 370 1166 434 fierine

217 455 319 535 possit,
334 453 413 530 quod
425 470 505 512 nunc
521 468 575 529 ego
587 460 685 512 mente
701 454 868 531 concipio.“
884 469 951 512 oum
965 451 1015 514 ille
1033 454 1065 514 in
1077 471 1166 531 augu-

218 539 264 598 rio
285 554 350 597 rem
370 543 508 615 expertus
529 535 662 614 prolecto
685 535 813 596 laturam
834 537 969 607 dixisset,
993 538 1094 614 „atqui
1109 537 1167 600 hce

144 661 147 666 ι
219 623 316 682 animo
338 621 462 697 agitavi‘
482 620 578 696 inquit
615 626 665 689 „to
686 618 828 680 novacula
849 625 943 680 cotem
960 618 1165 680 discissarum:

220 723 292 783 cape
306 703 380 764 haec
400 710 430 764 et
450 719 574 780 perage,
598 703 678 778 quod
698 720 765 764 ares
778 710 844 764 tuae
861 703 927 764 fieri
947 721 1034 781 posse
1048 710 1167 780 porten-

219 789 321 850 dunt.“
352 795 413 847 tum
440 784 522 846 illum
542 783 621 846 haud
641 794 813 848 cunctanter
833 786 984 848 discidisse
1007 794 1102 848 cotem
1124 787 1167 848 le·
1266 787 1267 794 ’

185 877 296 932 crunt.
327 876 419 930 statua
442 869 500 928 nui
521 869 616 945 capite
640 868 749 940 relato,
770 887 828 947 quo
843 871 875 930 in
892 869 958 932 loeo
972 888 1022 932 res
1037 877 1100 932 acta
1115 880 1165 940 est,
1261 923 1265 932 .

219 957 250 1016 in
265 953 393 1022 comitio,
408 954 440 1012 in
456 951 595 1029 gradibus
609 953 681 1030 ipsis
696 953 733 1014 ad
748 952 860 1014 laevam
874 954 974 1015 curiae
988 955 1057 1025 luit,
1072 961 1168 1014 cotem

220 1053 337 1114 quoque
361 1036 465 1096 ecdem
484 1034 551 1096 loco
573 1036 657 1096 sitam
678 1037 768 1098 luisse
782 1042 961 1107 memorant,
983 1044 1015 1098 ut
1034 1043 1111 1098 essct
1132 1036 1169 1098 ad

184 1128 354 1200 dposteros
370 1116 504 1179 miraculi
525 1119 588 1179 eius
606 1127 837 1180 monumentum.
869 1121 999 1197 auguriis
1020 1127 1101 1182 certe
1123 1137 1169 1180 sa·

220 1204 410 1280 cerdotioque
426 1219 570 1280 augurum
582 1208 680 1264 tantus
694 1202 789 1264 honos
804 1205 944 1272 accessit,
959 1210 991 1263 ut
1009 1203 1082 1264 nibil
1097 1201 1169 1264 belli

219 1288 358 1364 domique
374 1290 476 1365 postea
501 1285 560 1345 nisi
574 1287 723 1363 auspicato
743 1294 906 1364 gereretur,
920 1285 1043 1348 concilia
1057 1284 1169 1365 populi,
1267 1331 1268 1336 1

220 1372 366 1432 exercitus
382 1371 485 1440 vocati,
502 1386 615 1430 samma
630 1387 742 1440 rerum,
756 1368 808 1431 ubi
823 1388 891 1432 ares
901 1387 962 1430 non
973 1370 1169 1439 admisissent,

184 1464 201 1512 t·
220 1454 438 1516 dirimerentur.
469 1469 567 1528 neque
590 1459 652 1512 turn
671 1453 849 1530 Tarquinius
871 1453 907 1515 de
924 1455 1054 1530 equiturn
1068 1460 1171 1514 centu·

217 1538 270 1597 riis
294 1538 450 1613 quiequam
469 1536 601 1605 mutarit,
624 1553 749 1597 numero
771 1535 896 1598 alterum
917 1543 1030 1598 tantum
1052 1536 1169 1600 adiecit,

217 1629 250 1680 ut
269 1619 349 1681 mille
371 1626 399 1681 et
419 1618 578 1698 octingenti
601 1620 715 1696 equites
736 1621 769 1680 in
787 1619 883 1681 tribus
905 1621 1046 1682 centuriis
1061 1628 1168 1682 essent
1268 1683 1269 1690 χ

217 1705 399 1782 posteriores
418 1702 508 1764 modo
528 1699 582 1763 sub
604 1702 699 1764 isdem
720 1702 891 1764 nominibus
911 1705 962 1782 qui
980 1703 1071 1765 additi
1086 1711 1170 1764 crant
1268 1781 1269 1784 Ἴ

217 1786 356 1866 appedati
369 1793 445 1859 sunt,
462 1801 635 1864 quasnam,
651 1789 719 1865 quia
732 1789 895 1865 geminatae
906 1794 982 1857 sunt,
1001 1805 1052 1850 sex
1064 1793 1168 1849 vocant
1268 1796 1269 1836 ³

185 1877 417 2015 leentppffi
450 1955 511 2016 llac
531 1963 615 2034 parte
637 1957 788 2033 copiarum
808 1961 891 2016 aucta
912 1956 1019 2016 iterum
1035 1971 1103 2016 cum
1118 1955 1170 2014 Sa·

218 2037 295 2098 binis
312 2037 487 2115 confligitur.
516 2040 569 2100 scd
590 2046 797 2118 praeterquam
820 2038 899 2116 quod
913 2036 1024 2098 viribus
1038 2046 1171 2100 creverat
1269 2107 1270 2114 ἵ

217 2121 366 2182 Romanus
379 2124 535 2191 exercitus,
552 2141 588 2184 ex
602 2121 719 2182 occulto
731 2123 818 2182 etiam
832 2121 949 2182 additur
963 2119 1057 2191 dolus,
1072 2122 1171 2182 missis

218 2205 269 2281 qui
288 2221 423 2282 magnam
444 2205 502 2264 tim
520 2203 669 2283 lignorum
693 2206 725 2266 iu
740 2205 862 2266 Anienis
875 2206 940 2283 ripa
961 2205 1107 2267 iacentem
1123 2221 1170 2264 ar·

218 2288 335 2348 dentem
354 2288 385 2347 in
405 2287 515 2348 llumen
534 2289 720 2356 conicerent;
744 2294 890 2366 ventoque
907 2288 1024 2348 iurante
1046 2305 1170 2349 aceensa

217 2369 311 2448 ligna,
333 2376 361 2430 et
383 2368 527 2448 pleraque
539 2373 570 2432 in
586 2369 699 2432 ratibus
713 2373 829 2450 inpacta
847 2369 969 2432 sublicis
984 2389 1052 2432 eum
1065 2370 1170 2432 baere-

182 2460 200 2506 2
217 2461 285 2514 rent
297 2460 421 2531 pontem.
432 2454 603 2516 incendunt.
625 2472 659 2515 ea
676 2471 794 2532 quoque
808 2473 859 2516 res
872 2456 903 2515 in
913 2471 1013 2532 pugna
1023 2460 1170 2516 torrorem

217 2536 312 2598 attulit
339 2536 471 2607 Sabinis,
498 2538 598 2600 eilusis
622 2537 725 2600 eadem
750 2538 849 2616 lugam
873 2537 1001 2616 inpedit,
1027 2536 1170 2614 multique

216 2618 366 2690 mortales,
379 2638 447 2680 cnm
461 2620 562 2683 hostes
576 2621 754 2699 effugissent,
771 2623 803 2682 in
817 2620 938 2682 llnmine
953 2622 1018 2698 ipso
1032 2622 1169 2699 periere;

217 2719 344 2780 quorum
361 2702 503 2764 fluitantia
517 2722 599 2766 arma
614 2705 651 2769 ad
665 2703 772 2766 urbem
786 2705 902 2781 cognita
916 2706 948 2764 in
966 2702 1067 2766 Tiberi
1084 2705 1170 2781 prius

217 2803 326 2864 paene,
350 2801 438 2862 quam
457 2789 588 2848 nuntiari
602 2794 716 2866 posset,
733 2789 879 2866 insignem
893 2788 1044 2848 victoriam
1058 2787 1167 2848 iecere.

179 2878 199 2929 3
217 2886 252 2930 ee
264 2867 378 2947 proelio
388 2871 548 2948 praecipua
560 2871 690 2948 equitum
702 2869 795 2948 gloria
807 2872 878 2931 luit:
894 2871 1041 2949 utrimque
1052 2867 1088 2930 ab
1102 2885 1168 2928 eor·

216 2951 303 3013 nibus
320 2953 439 3031 positos,
456 2970 523 3012 curn
540 2955 599 3015 iam
618 2953 780 3032 pelleretur
796 2954 892 3015 media
903 2954 1036 3034 peditum
1047 2969 1170 3014 sucrum

215 3037 310 3106 acies,
330 3037 371 3096 ita
390 3037 552 3099 incurrisse
567 3035 604 3098 ab
622 3035 764 3099 lateribus
775 3039 890 3109 ierunt,
911 3045 944 3098 ut
958 3054 1018 3098 non
1032 3037 1171 3098 sisterent
1267 3081 1270 3110 ,

216 3120 304 3180 modo
319 3118 443 3184 Sabinas
456 3118 588 3198 legiones
602 3122 741 3182 ferociter
755 3123 897 3182 instantes
908 3119 1095 3190 cedentibus,
1116 3117 1170 3180 sed

181 3202 312 3264 lsubito
334 3205 366 3263 in
383 3203 483 3280 lugam
504 3211 679 3266 averterent.
711 3211 826 3266 montes
849 3204 941 3266 elinso
962 3219 1052 3266 cursu
1068 3201 1171 3264 Sabini

216 3285 370 3364 petebant;
389 3294 418 3347 et
430 3288 517 3364 pauci
533 3289 807 3358 tenuere,‘maxima
822 3306 907 3366 pars,
926 3293 1042 3349 utente
1058 3287 1171 3348 dictum

182 3373 199 3423 s
218 3376 275 3440 est,
299 3369 336 3430 ab
359 3368 506 3446 equitibus
519 3369 676 3431 indumen
691 3372 748 3431 acti
765 3379 842 3432 sunt.
869 3371 1047 3447 Tarquinius
1058 3371 1171 3430 instan-

216 3452 286 3512 dum
301 3453 466 3531 perterritis
486 3459 581 3522 ratus,
601 3453 711 3531 praeda
729 3455 908 3532 captivisque
922 3453 1047 3514 ltomam
1063 3451 1172 3519 missis,
