2534 3956
206 239 268 306 288
356 253 451 297 omne
468 255 498 298 v.
522 253 593 298 one.
609 247 652 300 30.
669 249 713 302 31.
738 236 781 318 [e.
797 258 827 300 ιι.
844 259 870 298 o.
886 236 1016 319 eoi-363]

208 422 312 468 eorum
322 403 525 474 dimicassent,
538 404 726 473 desererent,
739 404 931 483 Capitolium,
940 406 1043 468 oedem
1050 405 1161 468 Vestae

173 495 307 555 ooetera
328 490 409 550 oiroa
428 486 539 566 templa
560 487 685 550 deorum
700 496 898 558 ostentamen
921 508 959 551 ne
973 488 1094 551 exulem
1116 509 1170 552 ex·

206 581 319 635 torrem
334 571 478 652 populum
493 571 661 634 Romanum
676 570 712 632 ab
733 571 798 634 eolo
812 575 908 652 patrio
924 592 959 636 no
975 574 1031 635 diis
1051 577 1170 651 penati·
1263 643 1264 646 Ἴ

1256 672 1265 770 l

206 657 263 718 bus
276 658 308 717 in
318 655 448 718 hostium
462 653 568 718 urbem
582 661 721 733 agerent,
739 675 834 736 eoque
845 675 911 722 rem
920 657 1118 728 adducerent,
1136 666 1170 718 ut

172 757 189 806 7
206 740 314 803 melios
332 741 423 802 inerit
437 757 499 802 non
510 741 577 820 capi
588 741 689 810 Veios,
705 755 744 801 ne
758 740 852 801 Rome
860 741 1066 803 desereretur.
1098 742 1169 819 quia

206 843 268 886 noo
281 824 453 903 degebant
468 825 521 885 sed
539 822 695 902 precibus,
719 830 748 886 et
768 825 848 886 inor
866 841 974 904 poenes
989 823 1082 885 molta
1096 823 1172 886 deo·

206 925 274 970 rom
290 909 402 969 martio
424 914 501 977 erat,
522 907 696 984 religiosum
713 910 791 987 parti
806 911 954 971 maximae
976 909 1047 979 luit,
1075 915 1104 969 et
1125 907 1171 970 le·

172 1013 189 1065 8
207 1009 274 1070 gem
289 1008 349 1052 nm
361 989 464 1070 plnres
474 989 570 1052 tribue
579 991 771 1070 antiquarimt
785 1009 874 1071 quam
888 994 1049 1055 imoenmt.
1077 992 1170 1054 adeo-

207 1093 265 1154 qoe
279 1093 315 1136 ea
329 1075 451 1136 victoria
472 1073 549 1136 laeta
569 1073 704 1154 patribus
726 1075 797 1147 luit,
820 1083 853 1136 ut
872 1083 994 1155 postero
1017 1076 1065 1138 die
1088 1076 1171 1138 reie-

205 1157 342 1221 rentihus
369 1157 542 1220 oonsulibus
571 1164 691 1221 senatus
719 1158 888 1221 eonenltnm
918 1161 1019 1232 lieret,
1047 1163 1169 1238 ntegri

206 1244 359 1305 Veientani
380 1250 502 1322 septena
528 1243 631 1320 iugera
652 1241 733 1321 plebi
755 1243 972 1315 dividerentur,
995 1261 1053 1305 neo
1074 1245 1169 1323 patri-
1263 1249 1265 1322 f

205 1325 262 1388 bus
277 1325 406 1390 familiae
419 1333 549 1396 tentum,
574 1326 627 1388 sed
648 1333 680 1386 ul
696 1328 829 1388 omnium
841 1329 875 1388 in
894 1328 982 1392 domo
998 1327 1169 1389 liberorum
1264 1339 1265 1360 ³

206 1412 337 1554 ool1lritum
348 1411 429 1473 ratio
446 1410 623 1480 haberetur,
645 1407 812 1490 vellentque
829 1413 861 1472 'm
877 1429 1040 1490 emonem
1054 1409 1168 1472 liberos

205 1501 237 1556 to
261 1512 321 1556 ere.

173 1593 187 1644 1
267 1576 369 1639 xxxi.
399 1576 443 1640 Eo
457 1595 584 1640 munere
607 1575 734 1638 delenita
751 1576 844 1656 olene
862 1579 937 1640 niloil
953 1586 1096 1642 oermtrrm
1110 1589 1166 1651 est,

172 1679 188 1729 ²
574 1659 1167 1808 mm

560 1791 567 1805 .
716 1791 725 1816 ,
825 1791 827 1794 -
960 1765 978 1808 o
1015 1766 1032 1807 o
1062 1765 1096 1807 ea
1122 1765 1154 1807 m

206 1845 380 1907 eognomen.
410 1828 587 1891 lieonsuleo
598 1828 820 1907 magonelndoe'
831 1765 947 1902 toliere,
963 1765 1039 1910 troies
1052 1830 1090 1891 ll.
1106 1830 1165 1891 nu-

171 1915 267 1982 nrius
289 1913 415 1975 dimeter
435 1920 553 1974 voverat
576 1913 690 1974 Veienti
709 1911 798 1974 bello.
828 1914 939 1976 eodem
968 1932 1045 1976 enno
1075 1913 1164 1976 aedes

205 1997 326 2058 lunonis
345 1999 469 2075 reginae
480 1997 521 2058 ab
540 1996 647 2058 eodem
664 1997 806 2058 diviniore
826 1998 989 2077 eodemque
1001 1997 1082 2060 oeno
1099 2005 1164 2060 vota

206 2081 373 2149 dedicatum
395 2079 633 2158 celebratamque
654 2081 871 2142 dedicationem
881 2083 1000 2160 ingemi
1015 2089 1165 2142 matrona·

172 2176 272 2226 nrum
285 2164 382 2226 studio
397 2165 527 2226 tradunt.
560 2163 676 2225 Bellum
695 2164 775 2225 haud
798 2164 991 2227 memorabile
1012 2166 1044 2226 in
1058 2164 1164 2243 Algido

205 2265 273 2309 eum
292 2249 400 2324 Aequis
422 2255 535 2325 gestum
559 2255 603 2310 est
617 2247 690 2310 lusis
705 2246 843 2310 donibus
865 2251 950 2330 orius
964 2266 1059 2330 paene
1075 2265 1164 2326 quam

203 2349 309 2392 manin
324 2339 525 2393 consererent.
548 2330 680 2402 Valerio,
696 2332 776 2408 qnod
789 2334 1027 2410 perseverantior
1038 2332 1165 2394 eaeden-

204 2415 249 2476 dis
265 2417 297 2476 in
307 2414 376 2493 luga
386 2416 455 2486 luit,
470 2414 654 2494 triumphos,
666 2413 788 2486 llanlio,
806 2425 839 2476 nt
852 2434 942 2478 ovans
954 2415 1164 2496 'mederetur

165 2514 187 2564 o
203 2498 324 2569 urbem,
337 2499 489 2562 decretum
500 2507 553 2562 est
570 2531 605 2544 -
623 2498 735 2562 moen
749 2517 827 2560 enno
841 2517 950 2562 nomm
963 2499 1075 2562 belim
1094 2517 1163 2562 oum

203 2582 438 2644 Volsiniensibus
453 2594 597 2653 exortum,
615 2591 814 2662 quopropter
825 2583 936 2646 &mem
949 2582 1164 2663 poelilmtinm·

204 2683 262 2744 que
273 2667 305 2726 in
314 2683 386 2744 agro
396 2666 530 2728 Romano
542 2685 578 2727 ex
590 2667 722 2727 siceitate
737 2665 1055 2747 caloriburquomimiio
1066 2674 1164 2728 ortam

204 2751 352 2812 exereitus
363 2751 431 2811 duni
446 2751 586 2829 nequivit.
612 2749 651 2810 ob
664 2767 740 2828 quae
750 2750 949 2813 Volsinienses
957 2749 1163 2831 >sopiremus

203 2833 349 2895 adiunctis
365 2833 504 2912 superbia
516 2832 586 2896 elati
600 2834 678 2894 ultro
694 2851 782 2912 agros
794 2833 945 2896 ¹Romanor
960 2836 1161 2898 inoursavere.

169 2941 187 2986 0
203 2913 318 2977 bellum
331 2917 402 2978 inde
412 2917 532 2979 dnobus
545 2917 664 2997 populis
678 2917 831 2980 indictum.
847 2949 887 2966 ·-·
906 2918 936 2981 (2.
945 2917 1039 2980 Indue
1054 2935 1163 2980 ooneor

203 2999 344 3069 decessit:
368 3001 399 3060 io
421 3003 485 3064 eius
501 3000 600 3062 looum
617 3001 656 3064 m.
669 3000 825 3064 Cornelius
839 3001 994 3073 sudeam,
1021 3019 1097 3080 miae
1112 3019 1163 3063 reo
1261 3015 1262 3078 j

168 3103 185 3153 7
201 3092 304 3164 posteo
320 3083 459 3164 religioni
472 3085 545 3156 init,
566 3086 635 3164 quia
650 3103 686 3146 eo
705 3083 802 3147 lustro
816 3085 911 3147 ideam
922 3095 970 3148 est
986 3093 1089 3166 eapta;
1104 3102 1162 3146 neo

205 3168 312 3231 demde
325 3187 465 3248 umquem
475 3171 507 3232 in
521 3168 776 3232 demortoilooum
790 3170 1064 3232 oeneoronilioiorr.
1089 3184 1162 3230 oon-

205 3251 377 3332 eulihueque
394 3253 504 3316 morbo
524 3252 667 3333 uplioitie
682 3250 798 3332 mlaeuit
814 3271 872 3333 ,per
889 3255 1095 3332 interregnum
1112 3267 1163 3312 re·

168 3339 305 3479 affieri
324 3339 467 3499 affligi
501 3339 600 3483 itghqge
621 3336 1162 3492 einntoaxgrerroatmffleounrrrlrilmfflcron·

250 3436 343 3482 esma
417 3439 434 3484 a
477 3441 508 3484 se
579 3439 694 3482 reaseeo
726 3437 758 3482 ιιι
822 3439 903 3484 exor
1029 3466 1037 3482 .
1126 3437 1162 3480 us

204 3500 356 3573 Camillos,
372 3506 423 3582 qui
437 3506 470 3566 P.
486 3505 656 3568 Cornelium
671 3504 856 3584 Scipionem,
873 3508 906 3568 ie
928 3504 1035 3566 deinde
1056 3503 1090 3566 L.
1105 3503 1164 3564 Va·
1260 3577 1261 3582 γ
