2548 3954
212 221 253 286 28
394 237 489 279 ιιιιιιιι
505 237 527 278 ι.
560 235 629 278 cart
645 226 688 282 m.
720 217 760 296 [a.
778 237 807 276 u.
826 238 852 276 c.
868 215 979 293 tea-114]

213 386 260 446 oui
278 401 363 446 soror
385 383 482 461 virgo,
507 401 582 461 quae
603 383 748 461 desponsa
769 383 821 442 uni
845 399 881 443 er
901 383 1037 442 Curiatiis
1057 383 1160 451 fuerat,

212 467 297 529 obvia
318 474 385 528 ante
402 474 517 546 portam
533 466 678 545 Capenam
693 467 762 535 luit;
784 467 961 543 cognitoque
976 481 1066 543 super
1080 483 1160 526 ume-

211 568 262 612 ros
275 550 374 611 tratris
388 547 595 628 paludamento
610 551 720 626 spousi,
736 548 815 627 qucd
829 550 892 626 ipsa
908 547 1085 618 coniecerat,
1104 547 1162 610 sol·

212 635 373 694 uterinas
396 639 425 694 et
442 630 580 694 flebiliter
602 634 721 693 nominc
744 649 884 711 sponsum
897 637 1047 691 mortuum
1061 630 1162 710 appel·

178 716 260 778 ttae.
291 723 389 777 movet
410 715 503 776 feroci
524 717 622 776 iuveni
641 718 770 776 animum
793 713 977 793 conploratio
995 715 1107 775 sororis
1130 716 1162 774 iu
1269 763 1270 768 ,

212 802 333 861 victoria
352 817 404 860 sua
426 807 564 877 tantoque
583 798 688 877 gaudio
709 797 837 876 publico.
868 799 969 859 stricto
987 798 1086 875 itaque
1102 797 1162 874 gla-

177 885 194 934 4
213 883 262 958 dio
284 882 370 944 simul
387 880 484 943 vorbis
506 883 663 960 increpans
678 881 821 960 transfigit
840 879 977 961 puellam,
1010 879 1079 951 „abi
1093 880 1161 940 hinc

214 983 280 1027 oum
296 968 443 1032 inmaturo
458 982 558 1026 amore
574 965 611 1025 ad
622 974 783 1043 sponsum‘
797 966 900 1042 inquit,
916 962 1027 1034 „oblita
1038 964 1162 1024 fratrum

212 1057 397 1110 mortuorum
421 1050 550 1126 vivique,
572 1047 661 1108 oblita
682 1051 803 1127 patriae.
836 1049 879 1108 sio
895 1054 942 1108 eat
961 1063 1162 1124 quaecumque
1270 1123 1271 1136 ,

177 1131 342 1193 bliemana
367 1131 479 1210 lugebit
501 1131 645 1193 hostem.“
675 1140 758 1192 atrox
777 1133 870 1192 visum
891 1130 922 1191 id
941 1131 1056 1190 facinus
1071 1130 1163 1209 patri·

210 1215 266 1276 bus
282 1214 436 1294 plebique,
455 1214 508 1278 se'd
524 1233 630 1278 recens
646 1217 783 1277 meritum
802 1215 878 1275 lacto
895 1213 1037 1274 obstabat
1064 1220 1163 1273 tamen

196 1307 312 1377 ¹raptus
334 1300 365 1358 in
387 1301 433 1360 ius
454 1299 491 1360 ad
514 1316 626 1377 regem.
658 1317 727 1368 rex,
750 1315 788 1360 ne
802 1301 866 1376 ipse
884 1305 943 1357 tam
957 1298 1048 1358 tristis
1063 1299 1163 1374 ingra·
1270 1305 1271 1329 ι

210 1385 291 1459 tique
312 1383 348 1443 ad
371 1381 473 1459 vulgus
493 1383 595 1443 iudicii
619 1400 654 1443 ac
674 1381 836 1444 secundum
857 1381 998 1442 iudicium
1023 1379 1163 1458 supplicii
1270 1377 1271 1382 ’

210 1473 312 1526 auctor
333 1473 418 1535 esset,
447 1465 571 1526 concilio
593 1465 696 1544 populi
719 1466 857 1526 advocato
882 1464 1092 1534 ‚,duumviros“
1118 1464 1163 1522 in·

211 1549 290 1624 quit,
311 1549 384 1625 „qui
399 1546 520 1608 Horatio
542 1547 776 1626 perduellionem
799 1548 929 1609 iudicent
945 1547 1106 1609 secuudum
1120 1546 1162 1607 le-

176 1636 277 1708 dgem
300 1630 407 1691 facio.“
440 1629 488 1692 lex
506 1632 650 1693 horrendi
667 1633 807 1694 carminis
828 1637 905 1692 erat:
927 1631 1073 1690 duumviri
1093 1647 1162 1707 per·

95 1773 96 1776 ,
211 1712 389 1775 duellionem
412 1714 550 1776 iudicent.
580 1717 636 1776 sia
653 1717 814 1776 duumuiris
829 1715 1005 1793 provocarit,
1020 1730 1163 1791 provoca·

211 1800 291 1870 done
313 1804 433 1858 certato.
472 1799 497 1858 si
511 1800 641 1868 vincent,
664 1806 751 1877 caput
765 1798 917 1868 obnubilo,
934 1795 1047 1858 infelici
1061 1795 1162 1857 arbori

210 1888 290 1942 reste
305 1880 491 1979 suspendite,
513 1881 667 1943 verberato
683 1881 727 1943 vel
743 1884 818 1942 intra
834 1883 1000 1959 pomerium
1018 1878 1063 1940 ιιι
1081 1885 1162 1940 extra

176 1965 385 2044 apomerium
414 1964 470 2025 hac
492 1963 559 2043 lege
585 1965 731 2026 duumviri
753 1967 859 2035 creati,
884 1965 935 2042 qui
956 1982 988 2026 se
1009 1961 1163 2024 absolvere

211 2063 272 2107 non
291 2045 433 2108 rebantur
455 2066 489 2110 ea
513 2047 578 2126 lege
600 2066 639 2110 ne
659 2050 812 2110 innoxium
836 2047 955 2124 quidem
968 2064 1070 2125 posse,
1095 2062 1161 2106 cum

211 2130 471 2210 condemnassent,
493 2139 554 2190 tum
569 2131 644 2192 alter
660 2131 777 2202 erbis,
779 2130 876 2202 ,Publi
890 2129 1006 2200 Horati,
1022 2128 1076 2190 tibi
1093 2145 1161 2208 per·

176 2212 388 2276 8duelbouem
399 2214 518 2274 iudico
530 2213 894 2292 mqutt„,netor,conl1ga
906 2221 1044 2274 manus
1062 2230 1161 2273 acces·

210 2303 289 2358 serat
304 2295 390 2356 lictor
410 2295 610 2374 iniciebatque
628 2297 776 2375 laqueum.
810 2305 872 2358 tum
886 2295 1025 2356 Horatius
1041 2301 1162 2356 auctore
1271 2305 1272 2384 ι

210 2377 304 2448 Tullo,
320 2376 464 2442 clemente
478 2378 552 2457 legis
566 2383 737 2459 interprete,
756 2387 925 2459 „“prcvoco
941 2379 1044 2456 inquit
1068 2380 1107 2438 ita
1124 2377 1161 2438 de
1271 2386 1272 2410 ³

175 2463 419 2559 'eprorocationo
446 2469 590 2524 certatum
610 2463 646 2524 ad
674 2463 815 2542 populum
836 2471 888 2525 est.
923 2465 996 2522 moti
1024 2461 1161 2522 homiues

211 2546 305 2606 sunt
297 2562 328 2605 ιιι
351 2563 386 2605 eo
406 2547 529 2608 iudicio
536 2548 663 2608 maxime
677 2547 783 2608 Publio
800 2547 922 2607 Horatio
942 2554 1026 2624 patre
1042 2538 1160 2623 p'rocla·

212 2635 322 2697 manto,
343 2647 375 2688 se
389 2626 500 2689 tiliam
492 2647 557 2692 rure
571 2648 687 2692 caesam
702 2630 849 2698 iudicare:
865 2631 897 2689 ni
908 2630 948 2690 ita
963 2637 1049 2698 esset,
1064 2630 1160 2707 patrto

209 2712 275 2770 iure
289 2711 321 2769 in
335 2709 428 2770 fllium
448 2713 717 2775 animadversurum
736 2714 834 2775 tuisse
865 2711 969 2774 orabat
983 2712 1102 2792 deiude,
1121 2727 1160 2772 ne

210 2811 256 2861 se,
279 2808 367 2869 quem
390 2793 477 2870 paulo
499 2802 567 2855 ante
589 2813 656 2855 cum
677 2797 794 2873 egregia
815 2796 906 2873 stirpe
928 2795 1157 2874 conspexissent,

162 2887 193 2940 ιο
210 2873 316 2935 orbum
333 2873 435 2936 liberis
449 2875 589 2937 lacerent
609 2880 686 2939 tuter
701 2879 774 2940 haec
789 2897 880 2940 senex
893 2879 1029 2940 iuvenem
1047 2875 1159 2954 ample·

210 2974 278 3027 xus,
304 2956 397 3035 spolia
423 2958 618 3020 Curiatiorum
633 2961 690 3021 fixa
707 2980 742 3023 eo
757 2959 838 3032 loco,
861 2962 912 3038 qui
929 2979 1008 3022 nrmc
1022 2959 1084 3048 Pila
1098 2959 1159 3020 Ho-

209 3041 282 3102 ratia
311 3038 489 3118 appellatur,
520 3049 681 3114 ostentans,
713 3045 882 3117 „hunciue“
906 3039 1054 3115 aiebat,
1050 3061 1159 3122 ,q,uem

209 3123 297 3185 modo
317 3121 487 3185 decoratum
510 3133 702 3204 orantemque
729 3129 849 3188 notoria
874 3128 1061 3189 incedentem
1085 3127 1158 3188 sidi-

210 3208 276 3276 stis,
299 3202 441 3279 dubites,
466 3225 533 3269 eum
554 3207 609 3270 sub
630 3211 712 3271 turca
733 3211 862 3271 vinetum
881 3211 959 3272 iuter
980 3210 1105 3273 verbera
1130 3218 1160 3272 ct

210 3289 356 3350 cruciatus
374 3291 473 3352 videre
496 3295 632 3369 potestis,
652 3292 731 3371 quod
751 3295 798 3354 ιιι
811 3292 992 3355 Albanorum
1007 3293 1086 3356 oculi
1098 3301 1159 3356 tam

160 3385 190 3440 tt
209 3370 341 3434 deforme
355 3372 555 3450 spectaculum
570 3375 651 3436 terre
666 3375 829 3454 possent?
819 3394 840 3447 1,
857 3375 953 3448 lictor,
969 3377 1085 3455 conliga¹
1096 3395 1161 3437 ma·

207 3470 280 3523 nus,
301 3470 376 3532 quae
396 3454 484 3533 paulo
500 3465 568 3519 ante
584 3465 713 3521 armatae
726 3461 884 3539 imperium
898 3461 1009 3540 populo
1024 3460 1158 3522 Romano
