2580 3954
318 207 413 251 nmen
428 209 477 254 ιιι.
501 209 571 254 oar.
589 201 632 258 62.
649 203 693 258 63.
722 193 761 273 [a.
779 195 813 256 0.
830 195 900 274 449]
1009 197 1072 264 185

111 365 159 417 tro
174 335 228 435 per
252 357 444 419 contumelias
463 357 578 422 bostem
594 359 745 422 insultare.
776 361 893 440 qnando
910 369 1007 424 autem
1026 381 1068 434 se,

113 441 139 500 si
156 448 217 499 tum
233 458 294 503 non
315 443 387 510 sint,
406 458 495 519 parea
513 441 647 505 hostibus
666 444 750 506 iore?
775 442 826 504 ubi
845 445 918 506 haec
940 445 1106 510 fremeret

113 522 235 584 militem
249 527 281 584 in
296 525 400 585 casbis
416 525 521 586 consul
532 529 639 598 sensit,
655 529 793 588 continue
808 527 944 589 advocata
959 547 1069 608 „quem

113 607 149 666 ad
164 607 305 668 modum“
324 609 420 684 inquit
441 609 493 679 „in
506 607 610 692 Algido
625 627 675 673 res
689 617 772 688 gesta
788 611 841 682 sit,
861 611 991 673 arbitror
1007 630 1068 683 ros,

112 689 234 760 milites,
255 691 380 752 audisse.
413 691 530 770 qualem
551 691 638 754 liberi
660 693 763 773 poprdi
784 696 946 756 exercitum
971 696 1070 757 decuit

112 792 192 843 osse,
210 773 277 835 talis
292 774 355 834 luit.
386 773 510 836 'oonsilio
525 776 671 854 collegae,
688 780 795 838 virtute
805 777 932 838 militum
947 780 1068 840 uictoria

112 864 196 935 parta
213 864 266 920 est.
298 857 378 936 quod
394 857 432 919 ad
446 876 494 920 me
509 861 625 930 attinet,
641 861 673 921 id
690 859 806 921 consilii
820 862 970 938 animique
984 862 1069 923 habi·
1086 875 1106 930 ³

111 949 196 1002 turus
218 959 298 1012 sum,
325 941 405 1019 quod
428 959 494 1013 ros,
522 943 775 1022 mitescentis.
808 950 837 1004 et
858 943 936 1004 trahi
956 944 1069 1008 bellum

110 1023 268 1086 salubriter
283 1031 312 1086 et
322 1033 436 1086 mature
449 1027 553 1104 perlici
567 1033 672 1105 potest.
700 1029 725 1088 si
738 1026 915 1088 trahendum
927 1036 985 1098 est,
1002 1047 1068 1108 ego,
1086 1046 1106 1095 4

110 1109 188 1168 utin
206 1108 268 1169 dies
283 1126 351 1186 spes
368 1110 518 1188 virtusque
533 1115 628 1171 vestra
643 1117 772 1180 crescat,
791 1110 895 1172 eadem
911 1128 969 1189 qua
983 1114 1068 1174 insti·
1085 1145 1089 1149 ,

110 1193 153 1251 tui
168 1191 323 1270 disciplina
337 1191 477 1253 efficiam:
500 1193 526 1254 si
545 1195 605 1254 iam
625 1195 695 1254 satis
717 1194 808 1254 animi
823 1200 868 1255 est
887 1194 1069 1272 decernique

109 1275 221 1353 placet,
242 1276 423 1353 agitedum,
447 1275 623 1346 clamorem,
646 1275 763 1355 qualern
782 1278 814 1337 in
838 1279 902 1338 acie
924 1276 1069 1340 sublaturi

109 1360 195 1429 estis,
216 1357 310 1420 tollite
332 1359 382 1420 hic
404 1359 534 1420 indicam
550 1357 706 1420 voluntatis
728 1361 901 1439 driutisque
923 1369 1067 1424 restrae‘·

108 1448 265 1521 postquam
288 1443 401 1520 ingenti
431 1442 580 1505 alacritate
608 1443 720 1504 clamor
746 1450 790 1505 est
813 1442 962 1515 sublatus,
989 1445 1106 1525 quous

108 1525 187 1586 bene
211 1531 317 1596 vertat,
342 1534 494 1603 gesturum
515 1546 548 1588 se
566 1526 625 1588 illis
642 1545 756 1588 morem
777 1534 957 1608 posteroque
972 1530 1020 1590 die
1035 1531 1067 1590 iu

109 1609 204 1670 aciem
228 1609 424 1672 deducturum
451 1611 594 1672 adfirmat.
634 1611 782 1690 reliquum
807 1612 866 1674 diei
891 1612 1068 1691 apparandis

109 1693 198 1754 armIs
216 1700 424 1772 consumptum
446 1701 497 1756 est.
528 1701 649 1774 postero
664 1695 712 1756 die
735 1693 823 1755 simul
840 1695 948 1756 instrui
961 1696 1067 1756 Roma·
1085 1705 1105 1760 6

108 1793 178 1837 nam
193 1777 287 1838 aciem
304 1776 406 1838 Sabini
421 1777 535 1849 videre,
558 1786 586 1840 et
603 1779 660 1856 ipsi
674 1779 733 1839 iam
746 1778 862 1856 pridem
877 1778 953 1838 aridi
972 1789 1067 1840 certa·

108 1860 196 1921 minis
210 1860 386 1938 procedunt.
415 1861 563 1940 proelium
582 1860 638 1922 init
652 1861 739 1939 quale
757 1862 835 1922 inter
851 1861 977 1923 fidentes
996 1861 1067 1924 sibi·

108 1949 169 2004 met
184 1941 271 2004 ambo
282 1944 444 2015 exercitus,
458 1945 565 2006 veteris
575 1951 795 2024 perpetuaeque
807 1944 933 2006 alterum
945 1945 1066 2024 gloriae,
1086 2019 1087 2024 γ

109 2025 235 2087 alterum
255 2045 352 2105 nuper
375 2045 450 2088 nora
472 2028 594 2089 victoria
618 2026 735 2092 elatum.
767 2027 889 2090 consilio
910 2029 999 2090 etiarn
1015 2029 1102 2102 Sat

108 2108 170 2170 bini
186 2111 263 2172 vires
282 2110 430 2172 adiuvere.
459 2130 529 2172 nam
542 2131 610 2172 curn
624 2116 800 2190 aequassent
816 2113 925 2182 aciem,
941 2113 1000 2174 duo
1017 2132 1067 2175 ex·

108 2200 153 2253 tra
173 2194 308 2256 ordinem
323 2194 418 2264 milia,
443 2213 519 2274 quae
538 2197 570 2257 in
584 2197 735 2257 sinistrum
756 2212 851 2256 cornu
865 2195 1067 2257 Romanorum

107 2277 224 2355 inipso
247 2278 408 2339 certamine
429 2279 645 2358 inpressionem
659 2279 805 2349 iacerent,
828 2285 959 2341 tenuere.
992 2284 1104 2358 quaet

108 2359 160 2420 ubi
173 2360 272 2422 inlatis
285 2379 321 2422 ex
332 2368 501 2423 transverso
516 2363 607 2441 signis
622 2361 820 2440 degravabant
833 2380 928 2440 prope
940 2365 1067 2424 circum·

108 2452 227 2505 rentum
244 2463 354 2516 cornu,
371 2447 485 2524 equites
498 2445 786 2523 duarumlegionum
800 2445 847 2506 DC
861 2445 924 2506 iere
935 2464 971 2524 er
983 2447 1067 2525 eqrds

108 2527 248 2590 desiliunt
268 2527 500 2608 cedentibusque
525 2531 585 2590 iam
610 2530 671 2590 suis
693 2527 847 2607 provolant
868 2529 899 2587 in
927 2529 1066 2605 primum,

108 2608 256 2689 simulque
280 2617 309 2671 et
326 2610 405 2673 hosti
427 2631 461 2674 se
480 2618 635 2691 opponunt
653 2618 683 2673 et
697 2617 821 2690 aequato
838 2613 968 2690 primum
987 2611 1067 2689 perl-

108 2693 176 2756 culo
191 2695 307 2773 pudore
321 2695 427 2757 deinde
441 2697 554 2758 anirnos
571 2697 702 2774 peditam
719 2694 892 2756 accendunt.
924 2711 1066 2756 rerecun·
1083 2703 1103 2756 a

108 2779 174 2840 diae
188 2784 252 2840 erat
266 2780 393 2856 equitem
408 2796 465 2840 suo
481 2779 637 2858 alienoque
654 2779 745 2839 Marte
765 2795 912 2857 pugnare,
937 2779 1067 2856 peditem

107 2881 146 2923 ne
163 2862 200 2922 ad
215 2861 306 2939 pedes
322 2863 442 2940 quidem
457 2862 598 2940 degresso
615 2863 706 2941 equiti
720 2880 823 2940 parem
840 2881 913 2924 esse.

172 2943 270 3004 LXlll.
303 2946 418 3007 Vadunt
433 2947 524 3024 igitur
536 2947 569 3005 iu
582 2945 730 3025 proelium
748 2944 784 3006 ab
805 2964 858 3006 sua
876 2953 960 3024 parte
977 2947 1066 3007 omis-
1087 2947 1101 3000 l

108 3046 175 3090 snm
190 3035 219 3086 et
233 3026 346 3099 locum,
369 3047 405 3090 ex
421 3047 479 3108 quo
496 3036 661 3099 cesserant,
681 3034 836 3106 repetunt;
857 3034 1067 3106 momentoque

109 3129 169 3172 non
188 3111 323 3172 restituta
344 3111 432 3172 modo
451 3129 566 3191 pugna,
587 3111 640 3174 sed
661 3111 820 3172 inclinatur
841 3112 928 3171 etiam
951 3110 1068 3172 Sabinis

109 3211 214 3256 cornu.
245 3212 336 3273 eques
356 3195 435 3256 inter
456 3197 575 3258 ordines
597 3195 730 3274 peditum
751 3200 847 3256 tectus
867 3211 900 3255 sa
921 3194 957 3254 ad
975 3198 1103 3271 equosa

109 3279 231 3356 recipit:
254 3276 415 3340 transvolat
433 3279 504 3340 inde
524 3281 556 3339 in
577 3285 692 3358 partem
711 3277 836 3340 alteram
849 3279 911 3338 suis
927 3278 1067 3338 lictoriae

108 3364 245 3432 mmtius,
261 3360 349 3424 simul
366 3369 396 3424 et
408 3363 440 3422 in
454 3360 555 3448 hostes
569 3364 629 3423 iam
639 3362 776 3441 parides,
792 3362 902 3440 quippe
917 3361 982 3421 fuso
994 3377 1067 3421 suaa

107 3445 201 3520 partis
223 3446 364 3508 validiore
386 3463 495 3517 cornu,
518 3446 660 3526 impetum
681 3446 759 3506 iacit.
796 3463 857 3505 uon
883 3443 1007 3508 aliorum
1031 3461 1067 3504 eo
