2580 3954
229 181 291 244 188
367 195 463 236 ιιιιιιιι
480 195 531 238 ιιι.
555 193 625 237 oar.
641 185 682 240 64.
699 186 743 241 σι.
771 171 810 256 [ι.
826 195 856 235 u,
873 195 899 234 ι,
914 171 1043 255 poggog]

229 343 388 488 ffipitditete
403 346 515 422 pariter
531 341 664 420 patribus
685 340 843 419 plebeique
860 349 999 418 aceeptus
1013 339 1196 418 magistratu

267 445 290 488 ιι
303 473 311 488 .

73 559 76 562 .
195 522 210 573 1
293 510 376 572 LXV.
409 509 483 572 Novi
503 509 614 570 tribuni
634 507 730 586 plebis
750 509 781 568 in
799 507 973 584 cooptandis
993 505 1113 586 collegis
1133 525 1193 586 pa-

228 601 307 656 trum
322 593 501 656 voluntatem
515 594 666 662 foverunt,
690 591 764 652 duos
779 591 867 652 etiam
886 591 1027 669 patricios
1050 589 1193 652 consula-

193 689 211 738 ι
228 695 338 755 resque
357 678 407 756 Sp
428 677 588 755 Tarpeium
610 675 689 736 eth.
705 675 877 736 Aeternium
897 684 1081 752 coeptavere.
1114 691 1193 734 con·

228 760 307 824 sules
329 762 421 822 oresti
438 761 563 838 Spurius
582 757 802 819 HerminiusT.
821 757 977 834 Verginius
992 755 1192 819 Caelimonts·
1277 831 1278 844 χ

227 863 285 906 nus
306 843 381 904 nihil
402 859 585 920 magnopere
602 841 640 902 ad
659 847 778 920 patrum
793 847 844 902 aut
857 839 955 919 plebis
968 836 1087 901 causam
1100 840 1187 902 iucli·
1277 907 1278 926 χ

190 929 289 992 eneti
316 928 408 988 otium
426 927 506 987 domi
527 943 563 986 ac
582 924 655 986 ioris
677 923 819 986 habuere.
857 923 890 984 L.
905 922 1074 985 Trebonius
1092 923 1191 986 tribu·

228 1027 285 1072 nus
301 1009 398 1089 plebis
415 1010 540 1071 infestus
558 1007 708 1087 patribus,
730 1008 810 1087 quod
830 1025 863 1068 ιι
879 1005 916 1068 ιι)
936 1005 1006 1068 bis
997 1023 1030 1068 m
1045 1015 1181 1086 cooptan-

229 1095 273 1157 dis
290 1093 418 1156 tribunis
431 1093 535 1154 iraude
549 1099 668 1171 captum
687 1091 896 1170 proditumque
911 1109 928 1152 a
942 1089 1066 1170 collegis
1080 1090 1189 1163 aiebat,

192 1177 411 1255 erogationem
426 1176 509 1246 tulit,
527 1183 559 1236 ut
576 1177 627 1254 qul
640 1175 759 1254 plebem
773 1175 935 1236 Romanam
956 1173 1093 1236 tribunos
1106 1174 1191 1254 plebi
1277 1219 1278 1240 ι

202 1311 204 1315 s
226 1267 362 1338 rogaret,
377 1262 403 1322 is
420 1278 513 1339 usque
528 1278 564 1321 eo
580 1266 715 1338 rogaret,
738 1258 926 1320 dumdecem
938 1257 1074 1319 tribunos
1088 1257 1189 1337 plebei
1277 1251 1278 1334 f

227 1344 354 1414 laceret;
369 1344 608 1422 insectandisque
622 1341 773 1421 patribus,
788 1343 867 1404 unde
881 1342 994 1420 Aspero
1008 1343 1096 1404 etiam
1109 1342 1190 1402 indi·

226 1434 289 1489 tum
308 1434 352 1490 est
366 1445 546 1506 cognomen,
563 1425 746 1487 tribunatum
760 1427 858 1503 gessit

192 1517 232 1568 ι
290 1511 364 1572 lnde
380 1511 418 1572 M.
434 1512 582 1589 Geganius
599 1510 766 1572 Macerinus
787 1508 1187 1572 etC.1nHusconsulesia·
1277 1539 1278 1544 1

228 1596 267 1656 cti
284 1595 488 1655 contentiones
503 1592 693 1654 hibunorum
703 1592 844 1654 adversus
853 1590 999 1654 nobilium
1007 1594 1188 1656 iuventutem
1277 1669 1278 1678 ἵ

228 1685 308 1739 ortes
323 1679 388 1739 sine
404 1678 598 1740 insectatione
613 1676 765 1754 potestatis
778 1677 840 1738 eius
854 1683 1026 1739 conservata
1036 1678 1187 1738 ιιιιιιιιιιι
1277 1681 1278 1684 ’

192 1767 344 1840 spanum
363 1761 512 1823 sedavere.
546 1758 666 1839 plebem
690 1759 810 1822 decreto
825 1759 863 1821 ad
881 1758 995 1822 hedum
1014 1760 1187 1822 Volscorum

228 1851 258 1906 et
270 1845 440 1923 Aequorum
455 1845 565 1906 dilectu
577 1841 828 1905 sustinendo'rem
838 1842 874 1904 ab
887 1841 1082 1906 seditionIhus
1093 1846 1188 1905 conii·

226 1946 338 1999 nuere,
365 1926 481 1989 urbano
507 1944 625 2006 quoque
648 1929 707 1988 otio
730 1927 804 1987 ioris
824 1926 922 1990 omnia
942 1927 1100 2006 tranquilla
1122 1946 1188 1990 esse

227 2012 430 2082 adfirmantes,
450 2029 506 2090 per
527 2011 690 2072 discordias
702 2055 703 2058 ,
715 2009 814 2072 civiles
837 2017 976 2074 externos
997 2011 1103 2074 tollere
1123 2013 1187 2073 aui·

193 2105 210 2154 7
228 2111 300 2154 mos.
333 2112 404 2156 cura
418 2096 500 2173 pacis
516 2094 694 2156 concordiae
714 2110 832 2172 quoque
846 2095 1004 2158 intestinae
1018 2113 1107 2158 causa
1120 2095 1186 2157 luit.

227 2177 280 2240 sed
291 2175 366 2239 alter
377 2195 495 2256 semper
507 2178 581 2237 ordo
592 2177 688 2254 gravis
700 2177 821 2239 alterius
832 2178 993 2240 modestiae
1005 2185 1077 2240 erat.
1104 2180 1187 2256 quie·

226 2261 322 2322 sconti
343 2259 428 2339 plebi
445 2259 481 2321 ab
501 2259 668 2322 iunioribus
688 2267 806 2340 patrum
822 2261 948 2322 ιιιιιιιιιι
967 2261 1033 2324 lieri
1054 2269 1186 2340 coeptae.

192 2357 210 2410 8
227 2343 279 2405 ubi
301 2343 414 2404 tribuni
430 2343 540 2405 auxilio
559 2342 768 2407 humilioribus
783 2351 894 2416 essent,
916 2345 947 2405 in
961 2347 1066 2424 primis
1080 2363 1188 2426 parum
1277 2383 1278 2390 ι

228 2427 383 2506 proderat,
408 2427 514 2490 deinde
534 2445 573 2489 ne
587 2429 646 2506 ipsi
666 2428 785 2506 quidem
807 2427 939 2490 inviolati
963 2435 1062 2500 eraut,
1083 2431 1188 2508 utique

228 2512 385 2588 postremis
396 2511 558 2582 mensibus,
575 2529 643 2572 cum
655 2519 684 2573 et
699 2530 754 2592 per
768 2512 912 2574 coitiones
925 2514 1127 2591 potentiorum
1139 2515 1187 2574 in·

226 2596 304 2655 iuria
315 2595 410 2664 tieret,
422 2601 452 2656 ιι
462 2598 505 2656 vis
511 2596 665 2674 potestatis
676 2596 773 2656 omnis
778 2594 928 2672 eliquanto
940 2598 1107 2674 posteriore
1115 2599 1188 2657 anni

192 2687 209 2740 9
226 2686 311 2757 parte
322 2678 490 2756 languidior
500 2679 595 2740 ferme
607 2685 693 2740 esset.
714 2681 833 2756 iamque
844 2678 929 2757 plebs
944 2681 984 2740 ita
995 2679 1188 2742 intribunatu

227 2779 340 2840 ponere
351 2761 462 2840 aliquid
473 2763 552 2841 spei,
568 2763 593 2823 si
607 2763 719 2825 similes
732 2761 816 2824 Icilio
827 2762 964 2824 tribunos
974 2762 1112 2826 haberet:
1130 2781 1188 2824 no·

177 2856 210 2909 ιο
226 2847 306 2906 mina
316 2851 430 2906 ιιιιιιιιιι
441 2864 473 2906 ιι
487 2844 611 2906 biennio
622 2845 771 2908 hahuisse.
794 2847 929 2908 seniores
943 2855 1046 2909 contra
1056 2855 1186 2928 petrum,

226 2935 259 2987 ut
273 2929 362 2989 nimis
382 2929 498 2990 feroces
516 2947 586 2992 suos
602 2930 726 2992 credere
743 2931 864 2992 iuvenes
880 2949 959 3002 esse,
982 2933 1021 2992 ita
1039 2931 1142 3002 malle,
1159 2933 1187 2995 si

190 3027 194 3044 ’
226 3011 331 3074 modus
347 3013 533 3074 excedendus
554 3019 646 3084 esset,
662 3015 723 3075 suis
740 3030 828 3090 quam
840 3014 1016 3078 adversariis
1027 3032 1186 3094 superesse

176 3103 207 3156 11
227 3097 350 3158 animos.
378 3097 453 3158 adeo
474 3096 637 3159 moderatio
652 3097 778 3160 tuendae
795 3097 956 3169 libertatis,
977 3099 1047 3160 dum
1061 3099 1187 3176 aequori

227 3179 300 3242 velle
316 3179 480 3241 simulando
496 3182 535 3240 ita
549 3200 581 3242 se
597 3183 722 3258 quisque
738 3180 859 3252 extollit,
877 3188 910 3242 ut
925 3182 1068 3260 deprimat
1083 3180 1185 3253 ahum,

225 3263 257 3322 in
272 3263 384 3324 difficili
399 3271 451 3334 est,
468 3263 674 3342 cavendoque,
689 3281 728 3325 ne
744 3270 882 3335 metuant,
897 3263 1033 3328 homines
1048 3271 1185 3327 metuen-

225 3344 279 3405 dos
300 3345 377 3406 ultro
399 3366 432 3408 se
454 3347 601 3419 efficiunt,
630 3355 661 3409 ιι
682 3347 822 3410 iniuriam
851 3346 888 3409 ab
909 3348 997 3410 nohis
1022 3347 1185 3429 repulsam,
1277 3417 1278 3422 γ

224 3432 372 3504 tamquam
386 3435 436 3490 aut
451 3429 552 3492 lacere
568 3438 619 3492 aut
631 3432 692 3510 pati
706 3449 828 3492 neeesse
841 3433 892 3502 sit,
913 3433 1093 3512 iniungimus
1106 3429 1181 3494 eliis
1277 3487 1278 3500 ,
