2572 3956
213 259 309 302 88888
323 257 357 300 rr.
386 255 456 300 cer.
470 249 515 302 to.
549 234 589 319 [a.
600 238 636 299 0.
653 247 714 303 titl-
728 236 801 318 (198.
813 237 888 318 188.)
899 240 961 317 188]
1004 247 1065 308 101

109 407 270 484 animoque
283 401 429 484 religione
446 410 544 467 motus
558 411 649 476 esset,
665 404 756 466 888118
772 403 946 466 obstinatior
962 405 1066 470 adrer-

109 509 164 555 sus
182 488 329 551 lacrumas
350 485 512 551 muliebres
535 494 607 550 8881.
640 488 710 550 (lein
729 486 917 550 familiarium
939 489 1101 568 quideme

111 575 165 654 qul
178 573 325 652 insignem
341 573 485 634 maestitia
499 572 578 634 inter
594 577 708 634 8818888
718 579 898 651 cognoverat
907 572 1066 644 Veturiam,

111 661 191 720 inter
213 671 322 718 nurum
343 661 526 734 nepotesque
542 661 684 727 stantem,
706 657 785 727 ,8181
802 671 851 717 me
867 655 1067 719 fruebantur“

110 741 208 820 inquit
220 737 330 811 „oculi
346 745 441 802 mater
452 737 508 801 tibi
518 738 708 817 coniunxque
719 746 749 801 81
760 737 848 800 liberi
858 739 995 802 adsunt“
1012 743 1067 804 Co·
1084 762 1102 814 b

110 824 245 888 riclanus
265 839 360 903 prope
380 829 413 884 ut
435 839 537 886 amens
559 829 764 886 888818888188
778 821 817 884 ab
838 823 1068 888 8818888888

110 911 206 971 188881
223 908 311 970 mebi
331 905 435 970 obviae
450 904 637 986 conplexum,
658 905 767 970 mulier
780 908 813 968 in
825 907 902 969 18888
916 927 953 970 ex
969 910 1076 989 preci·

111 993 168 1056 bus
189 1009 272 1055 versa
289 991 390 1063 „sine,
411 991 585 1071 priusquam
608 989 787 1072 conplexum
805 992 935 1071 accipio,
955 995 1067 1055 sclam“

111 1077 218 1156 inquit,
232 1074 291 1147 „ad
304 1074 421 1136 bostem
434 1092 472 1137 an
486 1074 523 1137 81
538 1073 633 1136 lilium
645 1075 788 1147 88888188,
807 1077 920 1154 captiva
933 1085 1067 1139 materne

19 1187 23 1195 ¹
109 1163 144 1223 18
158 1159 263 1222 8881818
275 1160 334 1222 1818
346 1159 412 1221 eim.
439 1159 471 1220 18
485 1157 545 1220 188
557 1176 606 1222 ma
619 1156 708 1238 longa
721 1159 779 1220 rita
791 1167 821 1220 et
830 1158 933 1221 iuielix
947 1168 1066 1224 senecta
1083 1175 1101 1225 8

111 1244 214 1314 traxit,
239 1249 273 1305 ut
293 1241 409 1304 exulem
432 1249 478 1313 te,
503 1241 611 1304 181818
631 1239 747 1304 bostem
767 1243 913 1304 viderem!
946 1246 1067 1322 potuisti

111 1325 249 1408 populari
268 1324 346 1388 bano
364 1332 490 1396 terram,
511 1342 587 1404 quae
608 1333 637 1388 18
659 1327 761 1404 genuit
779 1333 867 1404 atque
886 1323 977 1388 818111
1005 1346 1065 1390 888
1084 1343 1100 1392 r

111 1409 180 1481 tibi,
203 1409 335 1490 quamvis
348 1409 456 1472 inlesto
469 1413 568 1472 animo
583 1417 613 1472 et
626 1411 735 1471 minaci
752 1427 946 1489 perveneras,
966 1413 1066 1490 ingre·

111 1493 293 1556 1188111888
309 1494 355 1555 188
365 1492 492 1556 88811111
511 1510 581 1564 888,
596 1509 665 1556 cunr
678 1493 710 1555 18
725 1500 886 1574 conspectu
896 1494 990 1557 lloma
1001 1496 1067 1567 luit,

111 1579 258 1641 succurrit
279 1577 378 1648 „intra
398 1575 449 1638 illa
472 1578 590 1640 moenia
609 1576 715 1640 domus
728 1595 763 1640 88
777 1584 900 1657 8888188
915 1579 975 1642 mei
988 1587 1066 1651 sunt,

110 1668 221 1732 mater,
246 1661 377 1723 coniunx
402 1657 591 1739 liberlque“i
619 1679 691 1739 ergo
717 1679 772 1740 ego
795 1663 853 1724 8181
873 1664 1101 1743 peperissem

112 1745 204 1809 lloma
225 1761 286 1807 non
307 1751 544 1824 oppugnantem
567 1745 626 1806 8181
639 1745 732 1806 tilium
745 1743 903 1816 haberem,
923 1745 1018 1808 libera
1034 1747 1067 1809 18

112 1827 206 1892 libera
225 1829 319 1908 patrla
338 1833 455 1890 mortua
470 1845 575 1890 essem.
604 1827 657 1890 881
679 1846 735 1908 ego
749 1828 823 1890 nibil
837 1831 896 1890 ianr
910 1832 988 1910 pati,
1010 1849 1067 1893 888

112 1910 166 1974 tibi
190 1913 306 1991 turpius
327 1928 416 1989 quem
435 1910 509 1973 milri
532 1912 685 1982 miserius,
706 1929 842 1992 possum
857 1930 930 1984 888,
954 1922 987 1974 81
999 1932 1066 1976 suar

111 1995 289 2067 miserrima,
305 1994 357 2057 118
370 1994 467 2055 lutura
482 2011 562 2056 sum:
576 1995 613 2058 18
625 1994 673 2058 118
683 1996 802 2066 rideris,
817 2012 901 2074 quos,
917 1998 943 2058 sl
954 1999 1066 2076 pergis,
1082 2018 1100 2070 o

111 2085 162 2141 aut
175 2081 323 2140 inmatura
338 2096 419 2141 mors
433 2085 484 2140 881
494 2077 582 2158 longa
592 2080 718 2142 servitus
727 2087 857 2141 manet.“
872 2097 948 2142 uror
959 2080 1066 2144 181818

110 2158 556 2241 8811188188181881118188888
573 2161 610 2224 ab
632 2165 714 2224 omni
733 2162 818 2224 turba
841 2162 999 2227 mulierum
1016 2183 1065 2227 88·
1081 2185 1090 2205 ·

111 2253 159 2308 tus
180 2255 210 2308 81
230 2244 415 2324 conploratio
436 2248 482 2307 sui
505 2247 677 2324 patriaeque
696 2245 814 2323 fregere
829 2247 945 2310 tandem
960 2250 1065 2310 virum

111 2327 276 2409 conplexus
295 2328 366 2390 1818
385 2345 456 2390 8888
477 2329 610 2399 dimitam
634 2331 700 2408 ipse
720 2334 803 2390 retro
823 2328 953 2392 aburbe
971 2339 1116 2398 88818818

110 2413 210 2474 morit
244 2411 377 2474 81188118
392 2411 500 2474 181818
521 2410 690 2490 legionibus
705 2430 741 2473 88
758 2429 830 2489 agro
844 2411 976 2474 Romano
992 2416 1066 2474 invi·

111 2496 159 2556 118
174 2495 220 2556 881
235 2511 411 2573 oppressum
424 2497 539 2573 perisse
553 2495 672 2556 uadunt
686 2493 736 2555 alii
751 2494 809 2557 alio
823 2493 891 2556 leto.
918 2497 996 2575 apud
1011 2497 1067 2557 Fa·

111 2577 203 2648 bium,
215 2575 303 2655 longa
313 2577 547 2654 antiqulselmum
558 2585 718 2648 auctorem,
733 2578 873 2656 usquead
885 2585 1067 2641 senectutem

111 2662 218 2723 8181888
246 2660 373 2722 eundem
404 2660 536 2728 invenio:
567 2661 661 2723 881881
686 2667 767 2724 88818
791 2660 868 2722 1888
888 2679 977 2742 saepe
997 2676 1117 2728 888811

112 2751 214 2808 exacta
234 2749 328 2806 aelate
351 2761 510 2823 usurpasse
530 2759 649 2817 rocem,
669 2743 760 2806 multo
775 2745 913 2808 miserius
926 2746 1066 2809 8881881·

111 2829 185 2890 lium
207 2846 282 2890 esse.
314 2844 374 2890 nen
392 2827 562 2890 1881188881
580 2827 667 2890 18818
684 2846 737 2890 888
751 2827 925 2896 mulieribus
938 2831 993 2892 riri
1006 2827 1066 2892 lle·

110 2911 209 2974 mani:
230 2910 305 2974 adeo
324 2912 388 2973 sine
408 2909 621 2974 obtrectatione
641 2911 755 2992 gloriae
775 2912 888 2976 8118888
905 2913 1065 2977 atrebatum

111 3002 304 3057 monumento
326 3010 445 3073 quoque
466 2994 546 3073 quod
570 3003 660 3069 esset,
678 2996 821 3077 templum
837 2997 985 3059 Fortunae
1001 3017 1065 3060 mu·
1085 3013 1117 3064 ta

110 3076 201 3141 liebri
215 3077 398 3142 aedificatum
412 3079 637 3158 dedicatumque
656 3087 708 3142 est.
889 3121 895 3128 -

175 3161 301 3225 llediere
325 3162 431 3225 deinde
445 3161 543 3226 Volsci
562 3163 706 3226 adluncu‘s
720 3163 829 3241 Aequis
842 3164 874 3224 18
888 3181 992 3242 agrum
1006 3164 1065 3226 lio·

110 3263 249 3316 8888881,
272 3245 324 3308 sed
344 3247 439 3324 Aequi
450 3245 559 3310 1111881
573 3246 702 3309 Tullium
718 3245 798 3308 haud
813 3245 890 3310 ultra
904 3247 998 3310 tulero
1011 3248 1065 3309 du·

110 3347 187 3392 8888.
226 3328 298 3390 1188
318 3348 355 3392 88
378 3332 556 3402 certamine,
585 3330 681 3392 Volsci
700 3331 832 3408 Aequine
855 3332 1066 3410 imperatorem
1085 3348 1116 3402 18

110 3415 270 3476 coniuncto
283 3413 424 3476 exercitui
441 3415 554 3486 darent,
568 3415 681 3494 8811118,
701 3414 808 3477 181818
822 3421 905 3478 81888
919 3411 1065 3495 proelium

109 3503 219 3559 ortum.
244 3493 287 3558 lbi
301 3496 419 3559 1881888
433 3497 536 3579 populi
549 3497 674 3561 Romani
689 3499 906 3562 duos-bestium
920 3499 1066 3561 exercitus
