2580 3954
283 236 379 276 cisen
395 236 437 277 ιιι.
462 234 533 277 car.
549 225 592 278 24·
609 225 652 278 25.
680 217 717 296 [a.
737 215 771 276 Ο.
787 213 914 294 ide-lbi]
1006 220 1067 280 219

119 389 193 450 teria
214 385 400 464 quaerendae
421 382 500 444 bello
524 382 634 458 gloriae
660 381 794 460 adempta
816 385 847 442 in
870 401 944 462 pace
959 383 1068 461 aliquid

119 471 218 570 operis
236 469 337 535 edere,
364 466 443 564 quod
463 472 634 528 monument
635 484 685 526 um
711 473 789 526 esset
814 467 989 536 dictaturae,
1017 485 1068 526 cu·
1071 490 1119 521 s

120 557 203 634 piens
226 567 383 614 censuram
402 551 537 612 rennuere
554 556 651 627 parat,
678 568 731 610 seu
751 552 873 611 nimiam
893 558 1068 629 potestatem

117 645 214 706 ratus,
234 652 288 698 seu
308 643 442 695 nontam
464 634 664 710 magnitudine
681 632 803 696 honoris
819 652 906 712 quam
922 634 1067 694 diuturni-

120 729 178 782 tate
196 721 342 790 ollensus.
363 718 500 778 contione
513 717 612 795 itaque
628 717 765 778 advocata
781 737 846 780 reru
863 705 1102 816 publicamus-⁴

119 806 161 864 ris
178 801 337 900 gerendam
354 803 393 862 ait
416 806 537 876 tutaque
557 803 655 860 omnia
678 801 853 877 praestanda
872 802 966 862 deos
958 819 1069 862 mmor·

119 886 192 948 tales
213 887 392 962 suscepisse;
408 903 457 953 sc,
472 883 571 962 quod
564 894 639 944 intra
654 902 754 945 muros
766 886 913 962 agendum
925 891 1017 955 osset,
1035 885 1070 945 li·

118 970 226 1032 bertati
240 967 343 1047 populi
352 967 477 1030 Romani
489 967 701 1028 consulturum.
728 972 882 1030 maximam
897 977 995 1030 autem
1007 970 1070 1030 eius

119 1053 282 1114 custodiam
302 1071 381 1121 esse,
404 1053 429 1112 si
454 1068 558 1127 magna
574 1053 698 1128 imperia
719 1053 858 1113 diuturna
879 1071 939 1113 non
962 1061 1069 1120 essent,

119 1146 148 1200 et
165 1137 307 1215 temporis
329 1135 433 1195 modus
446 1137 654 1211 inponeretur,
676 1135 783 1210 quibus
803 1139 877 1197 iuris
891 1137 995 1214 inponi
1011 1153 1071 1196 non

118 1227 227 1300 posset.
263 1218 336 1280 alios
362 1220 549 1294 magistratus
574 1235 688 1278 annuos
714 1237 795 1288 esse,
822 1219 1105 1298 quinquennalemo

119 1321 283 1366 censuram.
313 1319 400 1380 grave
421 1319 485 1362 esse
507 1301 600 1361 isdem
620 1319 674 1378 per
692 1307 735 1360 tot
755 1320 848 1364 annos
867 1321 972 1379 magna
988 1309 1071 1381 parte

119 1389 193 1449 vitae
211 1387 354 1448 obnoxios
370 1386 475 1446 vivere.
508 1403 540 1445 sc
562 1383 657 1461 legem
673 1384 815 1456 laturum,
837 1405 874 1448 ne
894 1385 961 1465 plus
984 1405 1072 1465 quani

119 1490 216 1532 annam
230 1487 265 1531 ac
282 1470 454 1532 semenstris
468 1485 593 1530 censura
614 1476 698 1530 esset.
730 1488 877 1532 consensu
892 1473 1005 1548 ingenti
1019 1489 1072 1550 po·
1090 1473 1106 1522 o

98 1554 182 1635 ¹puli
204 1553 301 1632 legem
322 1560 440 1631 postero
461 1551 507 1612 die
529 1551 664 1630 pertulit,
690 1563 740 1623 „et
765 1564 796 1616 ut
818 1573 851 1616 re
871 1557 955 1634 ipsa“
976 1556 1072 1633 iniquit

121 1641 254 1710 .,sciatis‚
275 1634 418 1705 Quirites,
434 1652 521 1712 quam
538 1636 611 1695 milri
628 1636 767 1698 diuturna
784 1656 844 1698 non
864 1638 999 1717 placeant
1017 1641 1070 1698 irn-

120 1724 217 1802 peria,
244 1721 386 1782 dictatura
415 1737 462 1780 me
480 1719 616 1780 abdico.“
653 1720 786 1800 deposito
810 1741 864 1782 suo
891 1717 1106 1798 magistratui

121 1805 207 1867 modo
225 1804 350 1867 aliorum
371 1805 554 1882 magistratui
574 1805 720 1882 inposito,
738 1807 797 1868 sine
817 1805 903 1868 alteri
923 1807 990 1866 cuni
1005 1823 1071 1882 gra·

121 1889 261 1950 iulatione
282 1909 317 1951 ac
335 1889 435 1950 lavore
457 1888 570 1964 ingenti
590 1887 693 1967 populi
716 1890 835 1950 domum
854 1896 898 1952 est
923 1889 1071 1950 reductus.

120 1991 259 2036 censores
274 1989 362 2050 aegre
387 1972 466 2051 passi
482 1971 679 2040 Mamercum,
703 1973 781 2050 quod
797 1977 1001 2050 magistratum
1020 1992 1072 2050 po-

120 2057 223 2136 popull
238 2057 362 2118 Ronlani
381 2057 549 2124 minuisset,
571 2053 652 2116 tribu
674 2065 829 2117 moverunt
845 2057 1072 2136 octiplicatoque

120 2158 212 2202 censu
226 2142 374 2201 aerarimn
389 2141 532 2200 lecerunt.
559 2156 647 2216 quam
661 2159 724 2200 rem
736 2143 833 2218 ipsum
848 2143 960 2218 ingenti
974 2144 1071 2201 animo
1090 2142 1188 2192 8..-

120 2224 221 2286 tulisse
237 2225 350 2293 lerunt,
367 2240 485 2284 causam
500 2225 597 2300 potius
612 2225 790 2301 ignominiae
805 2229 968 2287 intuentem
984 2243 1072 2302 quain

119 2309 326 2385 ignominiam
358 2307 504 2385 primores
529 2313 661 2385 patrum,
689 2327 865 2386 quamquam
890 2310 1072 2370 deminutum

120 2409 263 2453 censurae
285 2393 331 2452 ius
352 2389 533 2460 noluissent,
567 2392 701 2469 exemplo
722 2393 891 2454 acerbitatis
918 2395 1072 2452 censoriae

120 2475 262 2545 ollensos,
278 2477 386 2552 quippe
400 2491 467 2534 cum
482 2493 515 2535 se
532 2476 656 2550 quisque
672 2475 779 2536 diutius
794 2495 828 2536 ac
843 2478 960 2552 saepius
975 2475 1072 2534 subie-
1105 2527 1109 2534 .

121 2565 200 2618 ctum
215 2558 388 2620 censoribus
404 2558 468 2618 lore
484 2565 622 2618 cerneret
638 2575 726 2636 quam
741 2576 896 2619 censuram
910 2565 1093 2634 gesturum„

120 2641 223 2721 populi
239 2647 321 2703 certe
340 2649 418 2702 tanta
431 2641 594 2718 indignatio
611 2651 713 2703 coorta
727 2643 849 2710 dicitur,
868 2650 900 2703 ut
918 2644 959 2702 vis
973 2661 988 2702 a
1005 2659 1073 2702 cen·
1091 2648 1107 2697 a

119 2725 237 2788 sonibus
257 2724 365 2792 nullius
386 2726 559 2786 auctoritate
580 2734 804 2804 praeterquam
827 2728 920 2805 ipsius
934 2727 1073 2786 Mamerci

120 2809 267 2874 deterreri
283 2813 418 2888 quiverit.

180 2892 265 2953 XXV.
294 2894 419 2954 Tribuni
436 2891 515 2971 plebi
535 2894 665 2956 adsiduis
684 2896 871 2957 contionibus
888 2894 1073 2975 prohibendo
1094 2895 1106 2944 l

120 2975 286 3036 consularia
303 2979 435 3045 comitia,
456 2993 525 3036 cum
548 2995 597 3039 res
612 2996 707 3056 prope
727 2979 764 3040 ad
786 2982 990 3056 interreguaun
1006 2996 1073 3056 per·

120 3061 206 3121 ducta
226 3066 318 3129 esset,
334 3065 448 3121 evicere
459 3060 592 3129 tandem,
610 3068 643 3120 ut
659 3062 771 3123 tribuni
785 3063 910 3122 militum
925 3060 1074 3122 consulari

120 3150 262 3223 potestate
280 3151 461 3205 crearentur.
492 3144 629 3205 victoriae
644 3148 808 3223 praemium
818 3145 895 3224 quod
907 3144 1073 3223 petebatur,
1092 3154 1108 3201 2

120 3233 152 3288 ut
169 3226 303 3305 plebeius
318 3230 486 3294 crearetur,
507 3226 606 3290 nullus
626 3229 695 3289 luit:
720 3248 823 3290 omnes
845 3229 962 3307 patricii
982 3229 1074 3288 creati

119 3319 204 3378 sunt,
220 3312 256 3373 bl.
271 3311 379 3372 Fabius
392 3307 553 3372 Vibulanus
570 3312 606 3373 Μ
621 3312 735 3374 Fosbus
754 3313 786 3373 L
803 3314 923 3389 Sergius
937 3312 1072 3373 Fidenas.

122 3395 290 3456 Pestilentia
303 3415 339 3458 eo
354 3413 432 3457 anno
450 3390 575 3455 aliarum
594 3413 696 3457 rerum
711 3399 804 3458 otium
819 3395 964 3475 praebuit.
993 3396 1074 3456 aedis
1092 3399 1108 3450 3

119 3477 248 3557 Apollini
269 3497 324 3557 pro
346 3475 510 3542 valetudine
529 3478 632 3560 populi
654 3488 718 3541 vota
740 3487 793 3542 est.
822 3479 911 3540 multa
929 3479 1074 3540 duumviri
