2534 3956
243 215 305 278 334
387 227 482 270 araca
502 227 545 270 vi.
572 227 643 270 oar.
655 219 699 272 21.
715 219 757 271 tt.
783 209 826 287 [a.
837 228 868 269 u.
883 229 908 270 c.
922 211 1052 289 etl-373]

243 381 363 446 rerunt,
385 383 419 436 ut
437 377 533 456 primo
554 392 672 454 quoque
695 381 830 454 tempore
850 377 886 438 ad
907 376 1050 456 populum
1071 377 1209 440 ferretur

210 461 280 521 ede
299 458 379 520 bello
401 462 444 522 eis
460 461 628 523 indicendo.
663 459 701 519 ad
723 475 812 537 quam
832 459 966 522 militiam
987 477 1047 539 quo
1068 463 1207 538 paratior

242 541 345 623 plebes
367 551 460 616 esset,
481 545 691 624 quinqueviros
714 542 870 622 Pomptino
894 561 966 622 agro
989 543 1152 605 diuidendo
1179 553 1207 608 et

207 638 224 688 o
242 627 409 690 triumviros
424 627 536 706 Nepete
557 626 692 688 coloniae
712 625 902 689 deducendae
923 633 1108 690 creaverunt,
1142 635 1211 688 tum

241 716 275 770 ut
288 708 398 772 bellum
413 708 550 773 iuberent
570 709 662 771 latum
681 706 717 770 ad
733 709 877 788 populum
891 717 951 782 est,
974 717 1003 772 et
1017 711 1208 787 nequiquam
1247 765 1248 799 ,

242 793 478 855 dissuadentibus
492 794 619 854 uihunis
635 791 730 871 plebis
743 810 847 854 omnes
868 793 965 855 tribus
977 791 1092 856 bellum
1107 794 1206 854 iusse-

207 883 320 944 erunt
355 883 529 960 apparatum
549 894 585 938 eo
600 893 678 937 anno
700 874 811 937 hedum
831 883 890 948 est,
913 878 1061 938 exarnus
1076 883 1208 955 propter
1247 881 1248 926 l

239 957 436 1037 pestilentiam
462 977 523 1021 non
545 960 676 1021 eductus.
706 959 800 1038 eaque
822 962 969 1022 cunetatio
996 958 1113 1022 colonis
1138 978 1208 1038 spa·

240 1045 314 1102 tium
334 1043 457 1104 dederat
485 1043 664 1122 deprecandi
689 1047 840 1112 senatum
865 1049 895 1116 et
917 1060 1022 1122 magna
1043 1041 1208 1104 hominum

166 1125 168 1132 '
239 1142 310 1204 pars
330 1143 366 1188 eo
386 1134 420 1188 ut
437 1125 546 1205 legatio
562 1125 688 1206 supplex
703 1125 827 1187 Romam
846 1129 1014 1190 mitteretur
1027 1125 1206 1196 inclinabat,

205 1221 222 1270 7
240 1210 272 1270 ni
281 1211 405 1288 privato,
416 1217 450 1272 nt
459 1211 501 1280 lit,
510 1209 645 1290 periculo
655 1208 809 1287 publicum
820 1210 986 1288 inplicitum
998 1215 1085 1279 esset,
1099 1217 1208 1271 aucto·

239 1310 348 1371 resque
362 1294 535 1356 deiectionis
548 1293 584 1356 ab
600 1293 740 1356 Romanis
752 1299 850 1364 metu,
869 1309 907 1354 ne
923 1291 979 1354 soli
996 1294 1119 1354 crimini
1134 1293 1208 1355 sub·

238 1377 308 1437 iecti
323 1377 443 1456 piacula
457 1380 520 1440 irae
531 1377 733 1438 Romanorum
748 1375 943 1446 dederentur,
960 1378 1141 1438 avertissent
1157 1396 1207 1438 co·

204 1458 334 1522 elonias
354 1479 371 1523 a
389 1461 520 1522 consiliis
541 1462 632 1539 pacis.
666 1477 763 1538 neque
783 1461 814 1519 in
838 1465 943 1522 senatu
958 1458 1055 1521 selum
1076 1476 1207 1537 percos

237 1542 345 1620 legatio
367 1545 498 1622 inpedita
521 1551 580 1613 est,
605 1543 658 1604 sed
679 1559 784 1619 magna
805 1561 877 1621 pars
890 1541 988 1621 plebis
1007 1543 1150 1613 incitata,
1175 1551 1207 1604 ut

237 1626 412 1704 praedatum
425 1629 457 1688 in
470 1645 574 1706 agrum
587 1627 753 1688 Romanum
765 1627 888 1688 exirent.
914 1626 989 1688 baec
1003 1643 1079 1687 nera
1090 1627 1206 1688 iniuria

202 1715 221 1768 o
238 1707 402 1771 exturbavit
413 1711 530 1772 omnem
545 1729 629 1790 spem
643 1710 734 1789 pacis.
760 1708 797 1771 de
808 1709 1069 1771 Praenestinorum
1081 1727 1205 1789 queque

238 1792 403 1855 deiectione
417 1812 452 1856 eo
468 1811 547 1856 anno
564 1795 695 1874 primurn
708 1794 785 1853 lama
806 1798 924 1862 exorta3
946 1791 1203 1870 arguentibusque

238 1893 288 1936 eos
305 1875 480 1939 Tusculanis
501 1884 530 1939 et
543 1877 665 1940 Gabinis
686 1883 715 1938 et
727 1874 900 1946 Labicanis,
923 1893 1051 1954 quorum
1071 1877 1104 1936 in
1126 1877 1204 1938 tinas

235 1959 419 2022 incursatum
433 1968 511 2030 erat,
530 1963 569 2022 ita
584 1958 701 2038 placide
720 1958 757 2020 ab
780 1964 884 2020 senatu
898 1975 1076 2037 responsum
1092 1967 1156 2030 est,
1170 1964 1204 2019 ut

235 2045 334 2106 miniu
349 2044 431 2106 credi
446 2044 482 2106 de
501 2042 687 2113 criminibus,
704 2043 772 2120 qnia
786 2041 900 2103 nollent
915 2060 949 2105 ea
963 2059 1033 2104 vera
1047 2060 1134 2112 esse,
1151 2060 1204 2121 ap·

257 2135 363 2188 areret.

201 2143 255 2262 lp
297 2208 386 2271 xxii.
416 2209 588 2286 Insequenti
609 2225 686 2268 anno
703 2211 753 2287 Sp.
777 2215 806 2270 et
820 2207 852 2269 L.
868 2208 978 2287 Papirii
997 2209 1066 2268 nori
1083 2207 1204 2270 tribum

233 2291 360 2352 militum
372 2289 522 2352 consulari
533 2296 678 2370 potestate
689 2290 955 2368 Velitraslegiones
967 2291 1094 2362 duxuc,
1111 2300 1204 2372 quat·

233 2383 302 2435 tuor
318 2371 454 2452 collegis,
471 2375 536 2437 Ser.
555 2373 692 2438 Cornelio
703 2373 898 2452 Maluginensi
913 2377 1034 2437 tertium
1050 2371 1084 2444 Q.
1098 2376 1203 2438 Satri·

233 2457 274 2518 llo
289 2459 320 2521 G.
344 2457 476 2538 Sulpicio
491 2459 524 2520 L.
539 2457 664 2520 Aemilio
679 2463 817 2536 quartum
832 2455 1006 2540 [tribunis]‚
1028 2458 1066 2519 ad
1082 2461 1202 2538 praesi-

234 2541 317 2602 dium
331 2541 430 2612 rubis,
454 2543 522 2603 etsi
540 2543 591 2620 qui
606 2559 642 2602 ex
657 2541 775 2603 Etriuia
789 2541 859 2601 nori
874 2549 971 2602 motus
985 2543 1202 2604 nuntiarentur

24 2691 26 2696 ,
129 2616 271 2689 ’W-
292 2626 391 2687 omnia
409 2626 491 2686 enim
504 2625 574 2688 inde
596 2631 733 2703 suspecta
754 2630 891 2686 crant-
907 2623 1028 2686 relictis.
1063 2624 1101 2686 ad
1117 2625 1201 2687 Veli-

233 2715 295 2770 tras
309 2710 450 2771 adversus
463 2710 577 2769 maiora
595 2707 690 2787 paene
705 2705 812 2768 auxilia
826 2705 1089 2770 Praenestinorum
1105 2725 1200 2786 quam

232 2793 328 2871 ipsum
351 2791 525 2853 colonorum
549 2789 765 2853 multitudinem
792 2789 923 2852 secundo
944 2790 1059 2870 proelio
1080 2809 1201 2870 pugna·

232 2882 296 2936 tum
313 2881 356 2936 est
371 2876 425 2946 ita,
447 2881 481 2937 ut
496 2877 702 2955 propinquitas
715 2873 798 2936 urbis
812 2871 890 2934 hosti
907 2880 936 2936 et
947 2893 1036 2936 causa
1050 2878 1199 2938 maturio-

199 2958 275 3026 31is
297 2959 384 3034 fugae
408 2965 437 3020 et
456 2975 548 3020 unum
569 2976 605 3020 ex
634 2959 703 3036 iuga
725 2957 947 3035 receptaculum
969 2965 1054 3020 esset
1091 2960 1200 3040 oppidi

140 3090 144 3098 .
233 3043 454 3121 oppugnatione
467 3040 581 3104 tribuni
592 3042 779 3110 abstinuere,
796 3042 865 3119 quia
877 3048 906 3102 et
920 3059 1029 3120 anceps
1042 3049 1198 3113 erat,·neo

232 3125 263 3186 in
279 3125 443 3205 perniciem
460 3125 594 3189 coloniae
608 3124 799 3205 pugnandum
815 3123 983 3187 censebant.
1006 3124 1124 3188 litterae
1135 3125 1199 3189 ito·

233 3210 362 3271 mamad
377 3218 510 3272 senatum
526 3228 594 3272 cnm
611 3209 751 3270 victoriae
769 3209 879 3269 nuntiis
894 3209 1025 3271 acriores
1046 3210 1079 3270 in
1101 3208 1198 3272 Prae·

199 3295 381 3355 triestinum
399 3312 487 3372 quam
507 3296 539 3354 in
559 3292 742 3356 Veliternum
761 3291 878 3353 hostem
892 3292 1009 3354 missae.
1035 3294 1138 3370 ltaque
1157 3311 1197 3355 ex

232 3377 499 3440 senatusconsulto
518 3375 680 3455 pepullque
702 3377 785 3438 iussu
799 3373 909 3436 bellurn
925 3375 1130 3438 Praenestinis
1147 3377 1197 3438 iu·

234 3458 358 3527 dietum;
383 3462 433 3537 qul
453 3461 600 3522 coniuncti
615 3459 728 3522 Vulscis
742 3476 820 3522 anno
836 3460 1011 3538 inserprente
1030 3459 1198 3530 Suuleum,
