2580 3954
289 269 385 312 urrann
404 271 449 312 rv.
476 268 546 312 our.
561 261 602 314 Ad
632 248 672 331 [a.
689 247 888 329 01].433-431]
1005 253 1066 314 221

157 415 271 480 'xxvi
302 417 457 478 Tumultus
478 435 565 479 causa
585 418 654 487 luit,
678 434 767 494 quem
781 418 817 477 ah
833 418 941 494 Aequis
957 426 986 478 et
1001 415 1068 477 Vol·
1088 425 1101 475 1

110 504 170 566 scis
183 502 279 563 Latini
290 509 378 578 atque
392 501 514 562 Hernici
524 502 703 561 nuntiarant.
733 501 766 561 T.
782 497 935 568 Quinctius
947 499 979 560 L.
990 499 1068 560 tilius
1086 506 1102 554 2

110 586 302 650 Cincinnatus
321 618 356 628 -
379 584 475 646 eidem
498 591 527 646 et
546 584 648 646 Penno
666 600 831 662 cognomen
848 583 1021 644 additur·-
1041 591 1070 644 et

111 672 230 733 Gnaeus
247 667 338 730 lulius
354 668 453 729 llento
469 667 606 730 consules
619 669 699 728 lacti.
725 685 782 730 nec
798 665 877 728 ultra
888 673 987 728 terror
997 665 1069 729 belli

112 761 158 814 est
172 751 287 813 dilatus.
316 751 382 829 lege
401 757 530 822 sacrata,
555 769 630 829 quae
651 753 776 812 maxima
797 751 875 830 apud
896 770 947 812 eos
962 749 1005 812 ris
1021 768 1070 811 co·
1088 763 1104 812 3

112 835 225 914 gendae
239 832 360 896 militiae
375 841 454 906 erat,
471 834 579 897 dilectu
596 833 697 896 habito
712 837 862 912 utrimque
877 833 968 895 -ralidi
985 853 1069 898 exer-

111 921 189 982 citus
199 918 326 997 proiecti
336 920 366 978 in
380 917 516 996 Algidum
527 936 707 990 convenere,
719 917 819 997 ibique
829 937 966 980 seorsum
976 918 1071 996 Aequi
1087 924 1104 974 4

111 1019 247 1065 seorsum
262 1001 361 1064 Volsci
381 1008 477 1064 castra
500 1005 736 1073 communirere,
758 1004 957 1080 intentiorque
982 1019 1070 1080 quam

11 1113 17 1126 =
111 1103 251 1164 umquam
266 1092 334 1147 ante
348 1087 501 1148 mamlendi
518 1087 735 1164 exercendique
750 1085 873 1148 militem
894 1104 966 1146 cura
988 1085 1069 1146 duci·

110 1169 168 1230 bus
186 1176 257 1230 erat.
287 1168 406 1248 euplus
421 1171 517 1230 nuntii
534 1171 659 1231 terroris
673 1169 797 1231 Romam
809 1169 952 1231 adtrdere.
984 1186 1070 1230 sena·

111 1255 155 1315 tui
171 1252 345 1314 dictatorem
366 1253 425 1313 dici
444 1252 570 1332 placuit,
593 1255 661 1332 quia
685 1256 739 1315 etsi
760 1270 849 1331 saepe
869 1253 938 1312 victi
957 1251 1105 1331 populis

112 1337 224 1397 maiore
238 1341 338 1398 tamen
352 1343 461 1398 conatu
478 1353 565 1414 quam
581 1335 654 1398 alias
670 1354 812 1414 umquam
825 1335 1021 1403 rebellarent;
1042 1343 1072 1398 et

111 1419 295 1500 aliquantum
316 1419 466 1482 Romanae
485 1421 643 1481 iuventutis
664 1420 769 1482 morbo
790 1419 979 1499 absumptum
998 1426 1070 1482 erat.

113 1511 180 1566 aute
195 1505 295 1566 omnia
308 1506 436 1582 pravitas
451 1503 607 1566 consulum
622 1504 829 1581 discordiaque
849 1505 928 1564 inter
945 1506 1026 1582 ipsos
1042 1511 1071 1565 et
1089 1508 1105 1560 6

114 1588 275 1648 certamina
290 1587 321 1648 in
343 1587 474 1650 consiliis
495 1587 633 1649 omnibus
647 1587 808 1650 terrebant.
839 1594 908 1648 sunt
925 1589 976 1666 qui
993 1585 1071 1650 malo

112 1678 274 1750 pugnatum
302 1670 339 1731 ab
365 1671 412 1732 his
440 1670 612 1733 consulibus
638 1673 670 1731 ln
695 1670 799 1749 Algido
834 1677 970 1748 auctores
1000 1672 1069 1740 sint,

113 1771 238 1830 eamque
253 1771 370 1816 causam
385 1755 536 1816 dictatoris
557 1755 678 1817 creandi
695 1755 795 1816 luisse.
828 1753 900 1815 illud
915 1755 985 1816 satis
1000 1771 1071 1815 con·
1090 1769 1106 1819 t

114 1844 185 1907 stat,
200 1837 237 1898 ad
252 1837 308 1898 alia
323 1839 474 1900 discordes
484 1841 516 1899 in
530 1856 592 1900 uno
606 1839 746 1900 adversus
759 1846 878 1918 patrum
891 1837 1072 1900 uoluntatem

113 1923 315 1993 consensisse,
331 1939 369 1984 ne
379 1923 514 1984 dicerent
525 1923 713 1992 dictatorem
731 1922 842 1993 donec,
855 1939 923 1982 eum
938 1921 994 1982 alia
1007 1920 1072 1982 aliis

114 2003 295 2066 terribiliora
310 2005 513 2076 adferrentur,
528 2023 585 2067 nec
599 2007 631 2066 in
644 2007 818 2068 auctoritate
834 2011 952 2067 senatus
965 2022 1072 2066 consu·

113 2087 157 2150 les
174 2098 286 2158 essem,
304 2087 337 2157 0.
355 2089 496 2151 Seruum
510 2089 630 2150 Priscus
643 2090 766 2151 sunrmis
778 2088 942 2151 honoribus
952 2090 1072 2168 egregie
1115 2135 1119 2144 .

115 2189 186 2234 usus
201 2181 294 2243 „ros“
309 2174 421 2250 inquit,
444 2172 578 2244 „tribuni
592 2171 705 2252 plebis,
722 2175 862 2252 quoniam
885 2173 923 2234 ad
940 2179 1071 2235 extrema
1089 2179 1106 2230 8

116 2262 233 2317 ventum
249 2263 308 2328 est,
332 2264 450 2318 senatus
464 2255 607 2336 appellat,
631 2258 716 2317 utin
736 2264 817 2318 tanto
835 2257 1007 2319 discrimine
1027 2258 1073 2318 rei

113 2337 250 2418 publicae
264 2339 438 2402 dictatorem
455 2341 555 2402 dicere
575 2339 713 2402 consules
730 2358 786 2419 pro
809 2347 955 2420 potestate
977 2349 1073 2402 vestra

114 2424 256 2502 cogatIs.“
283 2442 340 2502 qna
352 2443 426 2486 voce
435 2425 535 2486 audita
548 2426 735 2486 occasionem
749 2423 877 2485 oblatam
885 2426 949 2485 rati
959 2423 1073 2484 tribum
1090 2427 1106 2479 9

113 2506 266 2585 augendae
277 2510 430 2585 potestatis
441 2508 598 2578 secedunt,
613 2524 728 2587 proque
743 2507 868 2585 collegio
879 2508 1074 2587 pronuntiant

114 2589 235 2669 placere
250 2590 388 2653 consules
396 2593 512 2654 senatui
525 2593 605 2654 dicto
619 2592 774 2654 audientes
791 2609 872 2660 esse;
888 2592 915 2652 si
933 2591 1072 2652 adversus

114 2690 294 2736 consensum
317 2674 490 2755 amplissimi
510 2675 624 2737 ordinis
640 2674 718 2736 irltra
732 2675 869 2744 tendant,
885 2676 917 2735 ln
930 2673 1026 2735 vincla
1041 2693 1073 2736 se

115 2758 184 2819 duci
201 2777 252 2821 eos
266 2760 409 2822 iussuros
438 2758 577 2822 consules
598 2759 786 2822 ah.tribunis
801 2777 889 2838 quam
912 2758 949 2820 ab
969 2766 1074 2820 senatu
1093 2770 1125 2822 10

116 2842 192 2902 vinci
206 2843 390 2915 maluerunt,
414 2844 565 2924 proditum
579 2862 596 2904 a
611 2842 745 2922 patribus
760 2845 869 2905 summi
888 2844 1007 2922 imperil
1026 2844 1072 2904 ius

115 2923 274 3002 datumque
288 2925 458 3007 subiugum
471 2926 648 2988 tribuniciae
658 2930 797 3005 potestati
810 2926 996 2989 consulatum
1010 2944 1072 2988 me·

115 3015 280 3080 morantes,
298 3013 324 3072 si
338 3012 458 3090 quidem
468 3013 536 3089 cogi
550 3010 662 3088 aliquid
672 3029 728 3090 pro
742 3018 885 3091 potestate
898 3009 935 3072 ah
951 3009 1072 3071 tribuno

115 3089 254 3154 consules
270 3101 299 3155 et
317 3127 352 3140 -
370 3113 429 3174 quo
444 3095 515 3173 quid
530 3093 655 3157 ulterius
674 3097 788 3173 privato
800 3094 964 3156 timendum
978 3093 1073 3155 loreti

118 3209 153 3222 -
171 3176 202 3236 in
218 3175 313 3238 vincla
330 3179 418 3239 etiam
432 3178 500 3239 duci
514 3185 645 3258 possent.
675 3195 740 3240 sors
757 3186 790 3240 ut
806 3179 979 3239 dictatorem
995 3177 1073 3238 dice·
1092 3188 1123 3239 lt

116 3267 179 3330 ret,
191 3277 260 3322 nam
275 3278 312 3323 ne
323 3262 354 3323 id
365 3262 483 3340 quidem
496 3264 574 3323 inter
585 3261 714 3340 collegas
726 3269 918 3334 convenerat,
936 3261 970 3322 Τ.
982 3258 1073 3331 Quin·

116 3345 175 3404 ctio
199 3347 302 3407 evenit
335 3347 361 3408 is
378 3347 410 3408 A.
433 3345 617 3408 Postumium
635 3344 799 3408 Tubertum
820 3363 958 3408 socerum
977 3361 1073 3414 suum,

115 3430 295 3491 seuerissimi
308 3431 426 3510 imperii
440 3431 550 3500 virum,
566 3430 742 3492 dictatorem
756 3430 837 3491 dixit.
869 3429 905 3490 ab
928 3447 964 3491 eo
978 3426 1010 3490 L.
1026 3429 1074 3489 lu-

116 3508 173 3573 lius
186 3515 326 3591 magister
342 3517 474 3592 equitum
495 3521 541 3576 est
555 3513 659 3576 dictus.
690 3512 777 3576 simul
800 3513 926 3576 edicitur
948 3518 978 3574 et
991 3513 1074 3573 iusti·
1094 3520 1124 3570 ta
