2534 3956
291 269 387 312 rasse
402 269 431 312 v.
457 267 527 310 ese.
542 259 586 314 29·
599 259 642 314 30·
668 247 712 330 [a.
729 248 763 310 O.
776 259 837 315 394.
852 246 914 330 393]
1016 254 1078 316 287

1 437 2 467 t
122 417 258 487 dederat,
273 415 397 478 Romam
414 415 581 494 perfugere.
612 415 644 477 L.
666 416 804 477 Lucretio
829 415 944 477 consuli
960 434 993 477 ea
1009 434 1079 496 pro·
1097 431 1114 482 e

123 503 218 562 vincia
233 501 337 562 evenit.
365 501 392 560 is
404 515 472 559 cum
486 502 618 561 exercitu
631 500 783 578 profectus
794 500 858 560 acie
870 499 970 561 hostes
980 501 1079 572 vincit,

123 588 274 662 victorque
284 582 408 644 Romam
424 583 460 643 ad
474 585 569 644 maim
580 581 731 662 eliquanto
743 589 893 645 certamen
904 583 990 644 redit.
1011 583 1080 646 Dies
1096 597 1114 650 e

122 669 199 729 dicta
215 672 278 728 erat
296 665 424 727 tribunis
444 664 525 744 plebi
545 665 647 728 bienni
660 669 823 745 superioris
837 667 870 728 Α.
893 667 1031 746 Verginio
1051 676 1081 730 et

123 749 155 819 Q.
173 751 351 828 Pomponio,
368 766 443 828 quos
453 748 572 810 defendi
586 758 704 828 patrum
722 767 869 812 consensu
881 750 917 812 ad
932 751 1021 813 fldem
1034 770 1080 814 se·

122 841 207 894 natus
221 833 403 912 pertinebat:
419 849 517 912 neque
539 835 617 894 enim
633 852 685 896 eos
705 842 756 895 aut
778 835 853 896 vitae
873 833 934 896 ullo
955 835 1080 898 crimine

122 916 181 978 alic
192 922 242 977 aut
252 918 327 995 gesti
337 917 527 995 magistratus
538 919 694 996 quisquam
705 916 1080 998 arguebat,praeterquam

93 1059 96 1063 ,
122 1000 200 1081 quod
217 1001 415 1079 gratificantes
430 999 566 1079 patribus
584 1003 731 1079 rogationi
743 1001 921 1064 tribuniciae
936 1004 1079 1066 interces-

120 1087 237 1147 sissent.
264 1085 333 1146 vicit
343 1090 443 1145 umen
455 1085 580 1162 gratiam
591 1092 712 1146 senatus
723 1084 820 1165 plebis
833 1087 894 1156 ira,
909 1093 938 1148 et
948 1088 1079 1166 pessimo
1097 1098 1113 1150 t

122 1168 257 1246 exemplo
281 1169 395 1228 innoxii
417 1166 501 1228 denis
524 1165 645 1228 rnilibus
671 1170 768 1247 gram
791 1170 868 1230 aeris
891 1170 1079 1232 condemnati

121 1257 199 1312 sunt.
226 1250 256 1311 id
272 1267 362 1329 aegre
377 1251 458 1329 passi
471 1258 581 1329 patres.

185 1333 324 1397 Camillus
339 1333 436 1414 palam
453 1333 575 1396 sceleris
588 1333 708 1414 plebem
724 1353 865 1414 arguere,
882 1353 959 1414 quae
973 1337 1032 1397 iam
1048 1338 1080 1398 in
1097 1351 1114 1404 e

121 1436 191 1480 suos
207 1435 292 1480 versa
314 1435 376 1480 non
396 1416 584 1497 intellegeret
606 1438 640 1482 se
658 1437 751 1499 pravo
767 1419 878 1482 iudicio
899 1419 936 1481 de
951 1419 1080 1482 tribunis

121 1503 364 1564 intercessionem
385 1500 554 1574 sustulisse,
580 1504 795 1566 intercessione
816 1502 933 1566 sublata
951 1503 1079 1566 tribuni·

101 1590 105 1593 ’
121 1588 196 1648 ciam
209 1592 401 1665 postestatem
416 1589 566 1649 evertisse.
597 1605 667 1649 nam
681 1587 761 1667 quod
776 1586 820 1648 illi
840 1595 1011 1668 sperarent,
1037 1590 1078 1651 ef·
1096 1595 1114 1650 t

120 1673 265 1734 frenatam
281 1669 432 1732 licentiam
454 1671 518 1732 eius
535 1673 725 1750 magistratus
748 1678 849 1750 patres
867 1670 995 1744 laturos,
1016 1671 1079 1733 falli

121 1773 180 1817 eos.
213 1756 237 1816 si
258 1754 417 1816 tribunicia
438 1757 481 1815 vis
501 1753 663 1834 tribunicio
688 1754 796 1816 auxilio
815 1753 921 1834 repelli
940 1763 1078 1835 nequeat,

120 1838 199 1900 aliud
220 1837 313 1900 telum
331 1845 431 1917 patres
451 1839 624 1900 inventuros
645 1857 719 1901 esse.
761 1837 958 1918 consulesque
981 1840 1130 1902 incre-10

120 1921 227 2000 pabat,
255 1921 334 2000 qnod
356 1920 415 1983 dds
436 1919 555 2000 publica
578 1921 676 2002 decipi
697 1921 833 1984 tribunos
857 1941 908 1984 eos
927 1923 1010 1984 taciti
1032 1930 1078 1984 tu·

120 2004 238 2075 iissent,
254 2007 305 2083 qui
321 2011 439 2066 senatus
454 2007 657 2068 auctoritatem
673 2007 767 2068 secuti
782 2013 890 2069 essent.
918 2007 993 2068 baec
1008 2024 1078 2087 pro·

120 2085 216 2167 palam
232 2087 490 2150 contionabundus
513 2089 543 2149 in
564 2089 627 2152 dies
648 2092 742 2168 magis
759 2089 887 2170 augebat
899 2092 966 2153 iras
982 2090 1078 2152 homi·

120 2189 201 2233 num.
237 2171 325 2233 XXX.
351 2172 492 2234 Senatum
508 2190 578 2235 vero
592 2175 717 2236 incitare
731 2174 871 2237 adversus
887 2173 985 2255 legem
999 2174 1078 2236 baud
1097 2186 1111 2238 l

120 2254 293 2318 desistebat:
317 2273 355 2318 ne
370 2255 454 2318 aliter
470 2255 686 2320 descenderent
699 2260 731 2319 iu
745 2259 859 2329 forum,
875 2277 944 2321 cum
959 2259 1023 2322 dies
1036 2259 1079 2321 fe-

118 2339 230 2402 rendae
250 2338 324 2419 legis
342 2339 485 2410 venisset,
508 2358 596 2420 quam
610 2349 644 2404 ut
658 2344 709 2419 qui
724 2344 928 2408 meminissent
944 2343 1001 2406 sibi
1024 2361 1078 2422 pro

119 2425 178 2485 aris
192 2424 326 2504 focisque
344 2430 374 2487 et
389 2424 477 2486 deum
493 2423 612 2503 templis
628 2443 663 2486 ac
677 2425 757 2495 solo,
772 2427 804 2485 in
819 2443 878 2503 quo
892 2427 955 2487 uati
971 2433 1078 2497 essent,

119 2507 319 2568 dimicandum
341 2508 415 2568 fore.
448 2524 517 2567 nam
539 2507 620 2585 quod
635 2506 671 2567 ad
691 2526 723 2568 se
742 2509 879 2585 privatim
894 2511 1030 2579 attineat,
1053 2512 1079 2571 si
1096 2522 1113 2572 2

119 2607 190 2652 suae
206 2589 318 2667 gloriae
334 2588 391 2649 sibi
405 2590 484 2650 inter
499 2589 717 2652 dimicationem
732 2592 846 2668 patriae
860 2592 1031 2654 meminisse
1042 2593 1081 2654 sit

119 2673 179 2742 fas,
201 2670 258 2734 sibi
275 2670 406 2750 amplum
428 2689 546 2750 quoque
568 2691 633 2734 esse
653 2671 759 2734 urbem
772 2673 810 2734 ab
826 2693 859 2735 se
881 2682 997 2754 captam
1018 2675 1078 2737 fre·

120 2758 273 2835 quentari,
288 2754 396 2818 cotidie
412 2773 445 2818 se
455 2756 515 2817 frui
528 2762 722 2819 monumento
738 2757 850 2835 gloriae
860 2775 947 2829 suae,
966 2765 995 2820 et
1009 2767 1077 2821 aute

120 2838 221 2901 oculos
246 2838 359 2902 habere
383 2838 490 2902 urbem
508 2837 598 2901 latam
616 2841 646 2900 in
667 2841 818 2920 triumpho
841 2859 911 2912 suo,
939 2843 1078 2906 insistere

1 2937 2 2992 3
119 2939 223 2985 omues
237 2925 366 3002 vestigiis
385 2922 506 2986 laudum
522 2941 652 2986 suarum.
683 2924 834 2987 seductas
851 2925 962 2988 ducere
977 2925 1076 2988 deser·
1096 2935 1112 2988 a

119 3014 178 3067 tarn
204 3025 238 3069 ac
259 3006 392 3069 relictam
414 3006 450 3068 ab
469 3007 514 3070 dis
532 3007 737 3070 inmortalibus
755 3007 847 3071 incoli
860 3007 981 3080 urbem,
1003 3011 1077 3072 etin

120 3093 234 3169 captivo
250 3090 315 3153 solo
329 3090 465 3153 habitare
486 3090 629 3171 populum
644 3091 825 3163 Romanum,
846 3100 875 3155 et
889 3093 1010 3154 urbice
1024 3111 1076 3172 pa·

1 3187 2 3248 q
119 3175 175 3235 tria
186 3175 292 3236 rictam
307 3175 426 3236 mutari.
452 3174 499 3237 his
512 3174 767 3238 adhortationibus
780 3177 925 3255 principis
938 3177 1077 3238 concitati
1093 3191 1111 3240 s

118 3263 233 3337 patres,
249 3277 337 3322 senes
351 3260 547 3338 iuvenesque,
562 3277 629 3321 cum
644 3259 774 3322 ferretur
790 3259 851 3331 lex,
869 3261 985 3337 agmine
999 3260 1075 3322 facte

118 3344 151 3402 in
165 3342 263 3405 forum
285 3348 445 3414 venerunt,
466 3343 658 3423 dissipatique
675 3361 730 3423 per
744 3343 841 3405 tribus
860 3361 931 3406 suos
950 3345 1075 3424 quisque

119 3425 244 3489 tribules
258 3433 434 3506 prensantes
456 3443 543 3490 orare
560 3445 628 3489 cum
645 3425 776 3489 lacrimis
799 3445 941 3506 coepere,
960 3445 999 3489 ne
1011 3441 1109 3494 eamn

2 3518 3 3538 ¹
121 3510 260 3580 patriam,
281 3529 336 3590 pro
358 3529 414 3592 qua
429 3510 590 3574 fortissime
604 3510 836 3590 felicissimeque
850 3513 909 3592 ipsi
924 3529 958 3573 ac
973 3517 1074 3591 patres
1134 3541 1136 3546 ·
