2496 3968
239 181 375 222 ιιιιιιι.
411 179 482 222 cnr.
500 171 526 226 8.
544 171 569 226 9.
601 161 643 240 [a.
663 160 852 240 decutet]
992 163 1056 228 205

103 344 170 386 cunr
187 325 247 387 ltuo
261 334 348 402 atque
364 325 435 387 illuc
450 329 533 404 signa
544 327 754 411 transferrent,
766 343 822 388 nec
839 327 990 388 Veientem
1008 345 1054 388 sa·

102 413 138 471 tis
160 408 299 470 cohibere
314 411 391 469 intra
407 411 584 472 munitiones
599 427 654 471 rrec
671 412 731 472 suis
746 411 935 471 mmdmentis
951 424 1054 472 arcere

47 509 50 514 ·
103 494 160 552 rim
171 511 207 552 ao
220 494 297 553 tueri
308 509 339 552 se
351 491 388 552 ab
401 496 548 555 exteriore
565 500 702 572 poterant
713 493 806 554 hoste.
833 503 892 552 una
903 508 971 570 spes
982 500 1091 564 erato
1130 489 1136 502 '

1 596 2 600 ¹
101 577 126 636 si
142 593 179 636 ιι
195 574 357 635 maioribus
373 577 476 638 casuts
490 575 710 648 subveniretur,
727 583 759 636 ut
771 577 907 637 diversae
922 574 1054 654 legiones

101 658 175 718 aliae
191 658 329 719 adversus
348 659 523 736 Capenatem
540 672 574 720 ao
585 659 750 729 l'aliscum,
771 659 845 720 aliae
866 665 968 720 cenna
986 677 1053 720 eru·

99 742 232 819 pliorem
260 740 477 820 oppidanorum
504 749 678 822 pugnarent.
714 743 767 804 sed
788 743 891 804 caenis
918 752 1055 822 praeerat

99 824 271 902 Verginius,
294 825 429 902 privatim
445 823 549 903 Sergio
568 827 680 888 tunsus
699 827 890 904 moetasque.
924 827 965 895 is,
985 835 1055 886 cum
1074 833 1108 886 tu

99 906 242 986 pleraque
253 907 370 968 castella
383 916 564 987 oppugnata,
576 915 728 988 superatas
739 909 935 977 orditiones
949 911 1054 970 ultini-

100 1007 158 1068 que
182 986 281 1052 invehi
302 990 418 1052 bostem
440 993 640 1062 nuntiaretur,
660 993 692 1053 in
714 995 804 1054 urrais
822 991 930 1054 militet
949 994 1073 1063 tenuit,

98 1075 124 1134 si
142 1085 217 1151 opus
232 1074 311 1134 foret
326 1063 449 1144 auxilio,
472 1074 615 1153 collegam
629 1075 764 1136 dictitans
777 1077 814 1136 ad
836 1095 869 1136 se
885 1077 1054 1136 retinentium.

98 1157 187 1235 buius
208 1157 410 1236 adrogantiam
428 1159 591 1234 pertinacia
607 1157 727 1218 alterius
748 1157 906 1237 aequabat,
929 1161 993 1235 qui,
1016 1175 1054 1219 ne
1073 1171 1103 1224 tt

99 1255 188 1316 quam
206 1254 292 1318 opem
312 1238 350 1298 ab
365 1240 485 1300 inimico
503 1241 891 1318 presumptuosorum
910 1240 948 1309 ab
969 1241 1054 1301 hoste

100 1339 187 1400 quam
200 1323 387 1400 vincereper
405 1324 497 1384 altem
514 1323 623 1384 maluit.
660 1325 756 1384 dmm
771 1325 869 1386 medio
887 1321 1054 1385 oaesimill·
1075 1332 1108 1385 ιι

97 1414 158 1474 tes3
180 1413 330 1484 postremo
354 1406 478 1466 desertis
499 1406 710 1467 munitionibus
730 1409 872 1486 perpauci
891 1409 923 1467 in
942 1408 1055 1468 maiora

99 1495 210 1559 eastra,
232 1507 301 1568 pars
322 1491 446 1549 maxima
462 1497 550 1568 -atqtte
572 1492 637 1568 ipse
653 1490 773 1568 Sergius
791 1490 915 1552 lintnam
956 1498 1054 1552 erten-

99 1572 215 1632 derunt.
250 1571 302 1633 ubi
325 1586 392 1632 cum
407 1581 526 1634 omnem
544 1573 708 1652 cnlpamin
729 1573 871 1651 collegam
888 1575 920 1634 in
948 1576 1053 1644 inerat,

98 1655 188 1714 acciri
202 1654 373 1732 Verginium
389 1667 425 1716 ιιι
440 1657 558 1727 caenis,
579 1659 693 1718 interca
707 1671 846 1734 praeesse
864 1657 978 1734 legatos
991 1655 1054 1734 plo·

99 1739 168 1798 cuit
191 1737 369 1799 actadeintle
380 1739 580 1801 incensures
589 1747 648 1808 est,
661 1746 862 1816 certatumque
872 1741 951 1800 lnter
964 1738 1054 1801 cotes
1071 1743 1109 1798 tt

97 1819 332 1897 gasmaledlotis.
354 1819 1054 1900 paucireipublicae,huicatqueilli,utquns·

98 1919 156 1979 que
172 1903 300 1962 smdium
317 1903 453 1980 priuatim
469 1911 518 1963 aut
532 1905 625 1981 gratia
646 1912 878 1982 occupaverunt,
897 1905 1011 1966 adsunt.

1 1995 2 2000 ’
161 1984 209 2046 ΙΧ.
244 1985 394 2046 Primores
410 1991 542 2063 patrum,
564 1987 624 2047 sive
637 1985 723 2064 culpa
736 1988 797 2047 sire
812 1987 984 2048 infelicitate
998 1989 1086 2048 im·t

99 2075 271 2150 peratorum
284 2074 344 2128 tum
353 2069 550 2146 ignominiane
562 2068 660 2130 clades
671 2075 789 2148 accepta
801 2079 895 2141 esset,
911 2081 1054 2132 censuere

98 2171 160 2214 non
181 2150 394 2229 expectendum
419 2153 528 2213 iustum
556 2159 672 2231 tempus
700 2153 901 2223 comitiorum,
927 2155 980 2214 sed
1005 2171 1054 2216 ιι-

98 2235 207 2314 templo
223 2251 315 2296 noros
329 2233 466 2296 tribunos
478 2236 604 2296 militum
621 2237 765 2297 creandos
782 2253 861 2306 esse,
884 2238 935 2314 qui
956 2253 973 2297 a
990 2235 1053 2298 llal.

98 2317 279 2382 Octobribus
293 2319 498 2396 magistratum
513 2321 693 2398 acciperent
725 2321 756 2380 in
771 2336 858 2396 quam
879 2323 1054 2382 sententiam
1071 2325 1091 2374 ι

99 2421 167 2464 oum
182 2401 308 2481 pedibus
330 2403 439 2473 iretur,
463 2405 555 2464 ceteri
574 2402 688 2463 tribuni
708 2401 832 2462 militum
848 2402 922 2462 nihil
938 2411 1053 2465 contra·

98 2488 208 2547 dicere.
238 2491 268 2545 ot
281 2487 433 2546 enimuero
450 2485 570 2563 Sergius
586 2486 814 2562 Verginiusque,
836 2492 960 2564 propter
979 2504 1054 2563 utros
1071 2499 1092 2550 a

98 2571 251 2648 paenitere
282 2569 505 2644 magistratuum
533 2571 596 2629 eius
625 2569 695 2628 anni
724 2575 857 2628 senatum
881 2568 1052 2647 apparebat,

99 2653 195 2730 primo
211 2651 368 2728 deprecari
382 2651 589 2727 ignominiam,
614 2651 720 2712 deinde
737 2651 923 2714 intercedere
937 2660 1054 2714 serratus

1 2791 2 2814 ,
100 2733 249 2803 consulto,
272 2749 382 2811 negare
401 2752 434 2794 se
448 2742 514 2797 ante
527 2735 594 2796 idus
608 2733 794 2805 Decembris,
816 2732 991 2796 sollemnem
1008 2737 1054 2795 in·

100 2817 204 2878 eundis
227 2815 444 2893 magistratibus
465 2818 557 2888 dienr,
580 2817 695 2878 bonore
718 2816 848 2880 abiurros
869 2813 943 2882 esse.
977 2820 1091 2880 intera

99 2900 173 2961 haec
186 2898 420 2977 tribuniplebis,
436 2917 504 2962 eum
517 2903 549 2962 in
564 2901 723 2964 concordia
737 2900 891 2964 hominum
901 2902 1053 2964 secundis-

99 3000 157 3060 que
171 2982 262 3044 rebus
278 2984 400 3047 civitatis
415 2985 498 3045 inriti
512 2984 661 3048 silentium
674 2985 851 3054 tenuissent,
872 2985 989 3046 feroces
1003 3003 1052 3047 re·

1 3143 2 3148 ¹
99 3073 188 3146 pente
200 3067 306 3128 minari
322 3064 448 3129 tributus
464 3067 602 3137 militnm,
624 3069 681 3128 nisi
700 3069 732 3128 in
748 3069 920 3128 auctoritate
933 3076 1053 3130 senatus

99 3155 213 3220 essent,
235 3167 267 3210 se
281 3149 312 3207 in
329 3147 424 3210 vinela
444 3167 495 3211 cos
517 3150 583 3214 duci
598 3151 731 3214 iussuros
752 3169 826 3214 esse.
857 3158 920 3211 tum
936 3151 966 3213 C.
984 3153 1089 3213 Ser-tt

99 3233 184 3296 rdlius
200 3232 292 3294 Ahala
307 3231 443 3293 tribunus
456 3232 595 3296 militum:
611 3233 722 3312 „cuod
742 3233 779 3296 ad
795 3251 846 3294 vos
860 3235 962 3296 attinet
1000 3235 1053 3296 tri·

99 3318 172 3379 buni
187 3314 298 3396 plebis,
316 3317 469 3393 minasque
483 3323 610 3388 vestras,
628 3334 666 3378 ne
682 3333 737 3394 ogo
751 3315 878 3378 libenter
890 3319 1052 3396 experirer,

99 3417 188 3480 quam
203 3417 263 3462 non
278 3398 344 3479 plus
356 3401 387 3460 in
401 3398 448 3460 his
463 3401 535 3462 iuris
550 3417 638 3478 qrram
653 3401 684 3462 in
695 3399 778 3462 vobis
789 3401 878 3462 animi
890 3408 980 3464 esset:
1000 3401 1053 3464 sed
