2534 3956
307 180 408 222 ereren>
422 181 453 224 v.
480 180 549 224 ese.
564 172 608 226 tn.
623 174 665 226 43.
693 160 732 242 [a.
746 162 779 225 Ο.
796 159 857 244 390]
996 165 1059 230 299

105 334 202 391 retum
216 329 346 406 exeepitr
362 326 413 388 lun
427 328 535 391 deinde
548 330 844 404 nocteminqnietsm
854 329 989 390 insecuta
1004 337 1058 400 est,

105 409 265 474 nonullam
288 417 357 472 arnt
368 417 500 489 tempas,
525 413 605 492 quod
621 431 636 472 a
651 429 743 474 novae
758 415 877 489 semper
898 411 989 474 eladis
1005 412 1058 474 aii·

2 513 3 516 ’
104 497 188 558 onius
208 494 378 573 spaotaeulo
399 503 539 557 desseret«
569 495 643 556 nibil
666 497 953 556 tamentotonerati
971 501 1092 574 atquer

103 579 206 648 obruti·
222 577 306 639 malis
324 577 472 640 denorum
486 580 616 649 animos,
642 581 731 658 quin,
753 578 1059 642 etsiomniassammis

102 681 138 724 ao
154 663 248 723 ruinis
266 668 390 740 aequata
407 661 564 733 vidissent,
586 663 717 741 quamvis
736 663 862 740 inopem¹
877 675 1059 741 parvumque

102 753 195 825 quem·
211 744 353 807 tenebant
369 744 476 808 oollam
491 745 626 808 libertati
641 745 778 808 redictum
791 747 899 807 virtute
919 746 1058 808 deiende·

101 835 178 891 rent.
213 835 242 890 et
253 830 327 900 itm,
341 829 525 892 nnmoadem
540 829 841 900 cotidieaeeidemnt,
855 828 935 891 velut
944 830 1059 892 adsueti
1076 834 1094 886 8

100 911 186 974 mods
197 910 434 976 abalienmerant
444 912 481 975 ab
492 931 581 975 sensu
591 931 694 974 rerum
704 931 829 976 suarum
845 913 959 976 ammos
977 931 1058 975 arma

1 1044 4 1052 Δ
100 1003 216 1059 tanttrro
227 997 401 1077 ferrumque
411 999 443 1058 in
453 997 564 1059 dextris
579 996 659 1057 reiut
672 997 750 1058 sedas
761 997 975 1077 reiiquisdspei
986 1014 1058 1060 sune

100 1079 265 1142 intuentem·

163 1163 265 1223 thtn
294 1161 370 1225 Galli
390 1177 509 1242 quoque
537 1179 592 1242 per
612 1162 729 1241 aliquot
743 1161 813 1224 dies
825 1162 952 1223 intenta
968 1163 1058 1223 modo
1078 1169 1090 1218 1

101 1245 184 1307 urbis
196 1248 376 1324 nequiquam
386 1245 465 1307 bello
477 1253 574 1324 gesto,
590 1247 751 1308 ernnintea
761 1246 899 1306 ineandia
910 1263 945 1306 aa
956 1247 1059 1306 ruinas

100 1335 205 1410 captae
219 1328 304 1391 nnbis
319 1329 393 1390 misit
409 1347 566 1409 superesse
583 1337 702 1409 praeter
722 1335 851 1390 armatos
864 1328 967 1390 hostes
979 1329 1058 1392 eide·

100 1419 182 1484 rent,
196 1415 377 1492 neqniqnam
396 1419 440 1474 tot
455 1413 593 1475 oiadibus·
603 1414 793 1476 territos-neo
807 1411 938 1474 benenom
955 1412 992 1473 ad
1007 1412 1058 1475 de·

2 1537 3 1542 κ
100 1497 246 1559 ditionem
264 1498 394 1568 ammos,
414 1499 447 1557 ni
472 1499 515 1560 vis
529 1497 736 1566 adlriberetur,
761 1497 891 1576 experiri
905 1495 1009 1558 nitiana
1028 1503 1058 1559 et

100 1581 248 1660 [mpetum
258 1580 359 1642 iacere
371 1584 403 1642 in
417 1595 517 1644 arcem
534 1587 678 1644 statuum
705 1579 879 1658 primaduee
890 1581 975 1657 signo
989 1582 1056 1641 dato
1076 1590 1092 1639 2

100 1664 257 1726 multitudo
276 1666 372 1726 omnis
388 1667 423 1726 in
434 1666 500 1726 foro
516 1666 690 1730 instruitur:
708 1663 778 1724 inde
795 1661 928 1724 elamore
941 1662 1056 1725 sublato

2 1779 3 1814 ;
99 1767 134 1810 ao
151 1748 299 1810 testudine
318 1748 398 1808 faeta
415 1747 553 1810 suberant
583 1747 732 1825 adserens*
744 1763 818 1824 ques
835 1745 961 1807 Romani
983 1745 1058 1806 nibil

99 1838 212 1892 temere
232 1848 288 1892 neo
309 1830 424 1909 trepide
439 1831 479 1892 sd
496 1831 594 1892 omnis
615 1830 714 1891 aditus
734 1828 909 1891 stationibus
924 1829 1056 1901 firmans,

100 1931 158 1993 qua
181 1915 267 1992 signa
294 1913 367 1974 ierri
391 1913 544 1984 videbant,
572 1931 606 1975 ea
634 1913 744 1975 robore
769 1915 902 1974 virorum
921 1915 1057 1992 opposito

99 1997 370 2060 scanderebostam
380 1999 497 2067 sinent,
513 2015 572 2076 qno
589 1999 767 2059 snnoesserit
776 1997 871 2074 magis
881 1997 1056 2066 inardnum,

99 2099 134 2143 eo
149 2080 323 2160 petitpassa
339 2094 400 2160 per·
408 2080 543 2159 proelias
556 2079 673 2142 faritius
688 2081 755 2140 rati.
787 2079 967 2142 mediofere
980 2080 1056 2141 olivo
1074 2084 1091 2136 3

1 2187 3 2222 ;
98 2167 250 2234 restitere,
271 2171 360 2243 atque
380 2165 450 2226 inda
473 2183 509 2226 es
529 2163 596 2226 loeo
616 2165 788 2242 superiore,
813 2164 980 2243 qrn‘vprope
1003 2181 1056 2224 sua

98 2255 204 2328 sponte
219 2251 257 2308 i'n
269 2247 386 2310 lmstsm
400 2247 561 2319 interebat,
584 2249 697 2326 impetu
711 2246 790 2308 iacto
807 2251 908 2324 strage
922 2265 956 2308 ao
970 2249 1057 2308 ruina

2 2331 3 2384 ἓ
98 2332 201 2394 tudere
216 2330 331 2402 Gabios,
348 2339 386 2392 ut
396 2347 557 2410 numquam
573 2337 679 2410 postea
691 2347 747 2392 nec
765 2347 835 2408 pars
854 2346 911 2390 nee
925 2332 1057 2392 universi

2 2453 3 2484 2
97 2417 306 2494 temptaverint
318 2415 376 2478 tais
391 2432 509 2493 pugnae
526 2429 628 2492 genus.

2 2529 3 2556 1
162 2499 276 2559 Omissa
289 2499 390 2575 itaque
406 2517 462 2574 spo
473 2514 528 2575 per
542 2499 600 2557 vim
615 2501 703 2574 atque
717 2511 798 2556 arma
816 2493 965 2557 subeundi
977 2495 1056 2557 obsi·
1074 2503 1092 2552 4

98 2583 218 2643 donam
239 2587 362 2660 parant,
383 2582 471 2642 enias·
488 2579 531 2642 ad·
543 2579 574 2640 id
595 2585 717 2658 tempus·
731 2580 911 2641 inmemores
930 2585 959 2640 et
976 2579 1056 2658 quod

13 2677 17 2685 '
97 2668 129 2726 in
144 2663 333 2726 mb‘e‘inerat
349 2664 531 2725 bemmrtnm
551 2662 698 2724 incendiis
718 2661 806 2724 urbis
818 2661 1055 2743 absumpserant,

99 2749 277 2826 eoesagrts·
286 2765 340 2827 per
354 2749 435 2827 ipsos
450 2747 513 2809 dies
527 2753 647 2826 raptum
663 2761 750 2808 omne
761 2747 848 2808 Veios
865 2753 936 2808 erat.
965 2748 1057 2826 igitur
1074 2763 1090 2813 e

98 2832 336 2894 exereitudiriso
352 2833 465 2911 partim·
475 2848 531 2910 per
542 2831 682 2892 finitimos
696 2829 823 2909 popnios
837 2831 976 2910 praedoni
991 2830 1055 2910 pla·

98 2917 181 2986 enit,
192 2917 301 2994 partim
319 2915 449 2977 obsideri
464 2933 579 2986 arcem,
602 2920 636 2975 ut
651 2913 856 2992 obsidentibus
872 2913 1055 2976 bumentnm

97 2998 290 3079 populatores
298 3015 438 3076 agrorum
449 2997 637 3077 praeberent.
665 2998 889 3077 proficiscentes
900 2997 999 3059 Gabios
1016 2997 1053 3058 ab
1072 3000 1088 3050 6

97 3083 173 3144 urbe
195 3081 232 3142 ad
253 3082 416 3143 Romanam
444 3082 653 3161 experiendam
678 3082 816 3142 virtutem
842 3081 960 3141 fortuna
989 3082 1053 3160 ipsa

2 3209 3 3228 e
96 3167 237 3236 Ardeam,
257 3163 469 3227 nordannim
489 3163 640 3235 exedebat,
661 3164 758 3233 duxit-5
782 3165 834 3243 qui
848 3165 988 3226 maestior
1010 3163 1086 3226 ibit

2 3281 3 3290 ,
97 3250 215 3311 iomrrna
230 3247 353 3330 publica
363 3265 452 3328 qam
466 3265 536 3320 saa,
557 3265 626 3310 enm
643 3248 699 3310 diis
720 3246 951 3328 hominibusque
966 3265 1052 3310 aeon·

97 3333 196 3396 sandis
211 3339 381 3395 senesoer'et
397 3332 577 3412 indignando
592 3332 802 3411 mirandoque,
817 3329 870 3392 ubi
883 3330 926 3392 ilii
937 3333 992 3392 viri
1007 3351 1052 3394 es·

97 3422 177 3486 sent,
193 3418 243 3495 qui
254 3433 356 3481 sanum
367 3417 453 3478 Veios
468 3415 659 3496 Faleriosque
670 3416 834 3494 cepissent,
846 3415 897 3494 qai
907 3414 963 3476 alia
974 3413 1053 3477 baiis
