2572 3956
210 236 271 298 102
356 247 453 291 mnne
468 247 503 289 11.
527 247 597 290 oar.
614 239 658 292 40.
678 238 721 292 41.
750 229 789 308 [a.
804 248 834 290 ιι.
851 249 876 290 c.
891 232 1021 300 iod-271]

209 396 288 459 baud
310 397 409 458 minus
429 398 600 475 pernicioso
619 413 707 473 mam
727 397 873 477 pertinaci
886 396 1048 458 certamine
1064 395 1173 458 come-
1273 411 1274 444 ι

160 502 192 554 14
210 485 258 544 cit
273 513 309 528 -
330 480 474 543 Consules
486 481 569 541 ‘iiten
584 480 717 542 Sicinius
732 488 762 543 et
773 481 805 543 C.
817 478 958 558 Aquilium
976 478 1087 542 Sicinio
1099 479 1172 543 Vol·

210 568 262 637 sci,
280 563 399 644 Aquilio
417 564 539 625 Hernici
555 597 592 610 -
609 581 680 625 uam
698 566 855 644 iiquoqne
877 564 908 624 in
923 563 1013 626 ermis
1026 570 1113 626 erant
1129 595 1168 610 ··-

209 649 364 731 provincie
385 649 490 710 euenit.
520 665 557 710 oo
578 665 657 710 anuo
677 647 801 711 Homini
822 647 943 717 deuoti,
966 664 1034 708 oum
1055 645 1171 708 Volscis

210 751 306 814 aequo
319 733 412 795 uerte
429 731 592 794 discessum
604 739 666 796 eat>
819 759 821 764 ·
961 787 963 795 ,

174 838 191 888 .1
273 817 346 880 xit
376 817 426 894 Sp.
442 817 560 879 Cassian
578 815 690 879 deinde
707 825 738 878 et
761 813 906 878 Proculus
919 813 1077 891 Verp'eiue
1095 828 1170 874 con·

211 904 292 966 sules
304 902 384 964 iacti.
414 919 483 961 cum
497 900 634 962 Hermaia
648 900 753 963 foedus
767 900 874 970 imon,
895 897 960 976 agri
979 897 1171 976 mensurae
1274 909 1275 916 ’

211 987 384 1065 ademptae
406 985 475 1048 inde
492 983 777 1056 decidam-baum,
794 982 949 1050 dimidium
962 979 1045 1059 plebi
1058 981 1172 1044 dicisu-

177 1087 263 1137 2rur
284 1067 388 1130 consul
407 1069 526 1132 &seius
544 1075 616 1130 eret.
646 1067 792 1130 adiciebat
810 1067 880 1128 bric
902 1067 1022 1127 muneri
1036 1067 1101 1142 agri
1116 1064 1167 1128 ali·
1275 1064 1276 1118 ι

213 1161 364 1234 quamam,
378 1169 469 1231 ocrem
483 1151 636 1232 publicum
656 1153 802 1233 possideri
819 1170 836 1213 a
854 1151 977 1231 privatis
992 1147 1172 1214 criminaba-

211 1248 269 1301 tur.
284 1237 318 1299 id
331 1236 439 1300 multos
454 1237 572 1314 quidem
586 1245 715 1315 petrum,
730 1239 813 1317 ’qescs
825 1251 1023 1315 possessores,
1034 1232 1172 1311 periurio

211 1341 314 1386 rerum
328 1339 448 1382 auarum
464 1319 605 1383 terrebat
625 1320 678 1383 sed
690 1328 719 1383 et
730 1319 850 1401 perbiica
860 1316 994 1399 patribus
1003 1315 1173 1379 sollicitando

211 1410 322 1476 inerat,
359 1404 518 1483 largitione
547 1404 699 1466 consulem
726 1403 913 1484 periculosos
936 1400 1070 1464 libertati
1098 1419 1174 1481 opes

179 1499 339 1558 astruere.
370 1495 433 1549 urm
455 1489 585 1567 primurn
606 1487 654 1549 lex
673 1489 789 1568 agreria
804 1485 989 1567 promulgata
1004 1492 1064 1557 eet,
1084 1501 1173 1547 num-

214 1592 301 1653 quam
316 1571 423 1634 doinde
440 1571 586 1650 usquead
602 1571 680 1632 banc
694 1574 872 1634 memoriam
882 1571 952 1632 sine
959 1570 1096 1632 maximis
1106 1587 1173 1632 me·

179 1657 292 1726 cumn
317 1673 420 1718 remen
445 1656 561 1735 emtam.
600 1655 705 1718 consui
737 1655 812 1718 alter
835 1654 987 1733 largitioni
1014 1652 1174 1716 resistebat

214 1739 389 1804 auctoribus
412 1737 546 1819 patribus
573 1756 630 1802 nec
655 1742 737 1802 omni
762 1738 850 1819 plebe
877 1739 1065 1809 adversante,
1095 1755 1173 1816 (prae

213 1827 310 1905 primo
328 1832 470 1905 coeperat
481 1824 628 1885 fastidire:
653 1841 764 1886 munus
780 1823 929 1902 vulpemm
944 1839 961 1883 a
978 1820 1091 1884 uiribus
1106 1839 1173 1884 esse

179 1910 369 1979 sinsocios3
392 1927 485 1989 saepe
502 1907 609 1970 deinde
631 1914 661 1970 et
680 1908 852 1987 Verginium
873 1905 1026 1968 considam
1046 1906 1078 1966 in
1098 1921 1172 1967 con-

189 2017 191 2022 ·
213 1992 345 2056 tionibus
371 1992 450 2054 reiut
475 1993 681 2054 mticbraniem
703 1990 842 2054 audiebat
867 1989 1008 2070 pestilens
1038 1989 1173 2068 collegae
1277 1980 1278 2000 ¹

213 2095 322 2139 memus
335 2095 410 2147 esse,
427 2093 515 2154 egros
528 2075 600 2138 illos·
611 2078 783 2138 servitutem
797 2075 834 2137 iis
849 2077 901 2154 qui
916 2075 1088 2154 acceperint
1096 2073 1172 2134 latu·

179 2175 279 2232 uros,
301 2177 395 2239 regno
417 2163 492 2220 viam
513 2161 587 2220 fleri
625 2155 696 2236 quiid
716 2161 756 2221 ite
778 2161 857 2222 enim
877 2159 992 2221 adsumi
1019 2159 1117 2220 socios
1142 2165 1174 2219 et

214 2261 324 2307 nomen
338 2243 494 2305 Latmum?
512 2241 583 2319 quid
598 2244 750 2305 attinuisse
764 2243 914 2314 Hernicis,
929 2241 1018 2322 paulo
1034 2249 1104 2303 ente
1116 2240 1172 2302 ho·

213 2326 324 2398 stibus,
340 2329 418 2405 eapti
432 2327 499 2402 agri*
510 2334 625 2404 partem
638 2329 755 2388 tertiam
771 2327 866 2397 reddi,
881 2329 939 2389 nisi
955 2333 988 2387 nt
1002 2345 1057 2388 see
1069 2331 1173 2404 gentes

180 2431 195 2479 7
212 2427 269 2492 pro
300 2408 456 2472 Coriolano
486 2409 561 2470 duce
592 2410 723 2471 Cassium
751 2409 899 2472 habeant?
935 2409 1088 2487 popularis
1112 2410 1171 2468 ianr

214 2513 279 2558 esse
293 2493 444 2560 dissuasor
460 2500 490 2554 et
501 2494 683 2554 intercessor
693 2491 767 2572 legi·
779 2493 913 2571 agrerim
924 2499 1073 2570 coeperat.
1090 2499 1172 2552 uter-

214 2595 274 2658 que
287 2578 397 2640 deinde
410 2574 514 2638 consui
527 2584 561 2637 nt
576 2578 709 2638 certatim
724 2576 806 2655 plebi
820 2574 985 2654 indulgere.
1015 2575 1172 2654 Verginius

214 2664 314 2724 dcere
331 2677 490 2740 passuum
506 2679 539 2722 se
551 2660 701 2738 adsignari
714 2676 818 2738 agros,
841 2660 911 2721 dum
925 2675 965 2720 ne
980 2659 1029 2720 cui
1044 2661 1101 2720 nisi
1115 2660 1172 2720 ciri

179 2761 196 2812 8
213 2745 346 2807 nomam
369 2744 575 2820 adsignentur3
596 2744 727 2814 Casum,
748 2746 816 2822 quia
835 2744 867 2804 in
882 2744 998 2821 agraria
1014 2742 1172 2820 largitione

214 2827 387 2890 ambitiosus
400 2829 432 2886 in
445 2829 542 2888 socios
556 2845 653 2906 eoque
667 2825 780 2889 civibus
794 2826 880 2888 vilior
895 2833 967 2898 eret,
985 2834 1019 2888 ut
1032 2825 1089 2887 aiio
1104 2843 1171 2886 mu·

213 2930 287 2973 nere
301 2911 359 2972 sibi
373 2911 583 2973 reconciiiaret
596 2913 703 2972 oinium
720 2913 849 2982 animos,
875 2910 981 2973 iubere
997 2929 1053 2990 pro
1069 2908 1170 2973 Siculo

180 3005 197 3056 9
214 2996 362 3056 frumento
381 2997 541 3074 pecuniam
560 3003 712 3074 acceptam
731 2993 857 3057 retribui
882 2994 1004 3074 populo.
1042 2995 1073 3056 id
1098 3012 1169 3056 vero

213 3078 292 3140 haud
311 3097 398 3140 secus
417 3096 506 3156 quam
521 3086 708 3158 praesentem
724 3079 894 3142 mercedem
912 3081 999 3158 regni
1014 3085 1168 3160 mpernate

214 3161 331 3242 plebes:
355 3162 430 3225 adeo
450 3170 574 3242 propter
602 3165 801 3244 suspicionem
826 3165 944 3226 insitam
963 3165 1065 3242 regni,
1092 3161 1171 3224 velut

215 3245 401 3309 abundarent
422 3249 536 3317 omnia,
557 3263 681 3308 munera
702 3248 765 3310 eius
786 3248 819 3306 in
833 3247 939 3310 animis
953 3246 1107 3308 hominum
1122 3265 1170 3308 re·

166 3343 198 3398 10
215 3329 405 3408 spuebantur.
435 3347 539 3409 mrem,
554 3329 606 3391 ubi
621 3334 748 3410 primum
764 3332 934 3410 magistratu
947 3329 1034 3402 abiit,
1049 3331 1171 3392 damne-

214 3420 276 3474 tum
292 3423 488 3492 necatumque
501 3421 623 3477 constat
653 3423 722 3476 sunt
735 3417 785 3492 qui
800 3424 916 3494 petrem
937 3424 1089 3476 auctorem
1106 3415 1172 3476 eius

216 3496 352 3575 supplicii
374 3497 484 3558 ierant:
506 3515 574 3560 eum
596 3501 711 3578 cognita
733 3500 813 3584 domi
837 3517 924 3562 causa
938 3498 1111 3561 verberasse
1134 3515 1171 3560 ae
