2572 3956
323 244 418 286 crana
436 245 485 287 111.
518 243 585 286 ear.
602 235 628 289 4.
646 237 671 291 5.
697 223 734 308 [a.
755 225 790 288 (l.
804 227 867 311 464]
1011 235 1072 298 129

113 393 298 476 praesidium
320 393 450 472 petiere;
472 411 530 472 quo
550 395 656 474 cupide
672 393 771 455 oblato
789 429 826 440 =-
847 396 920 458 adeo
942 391 1072 462 civitates

114 497 169 540 eae
179 483 325 556 perpetuo
337 478 369 537 in
379 475 528 538 Romanos
540 477 608 538 odio
621 484 771 540 certavere
786 513 820 524 —
835 478 947 542 bellum
958 498 1072 544 summa

114 562 143 622 vi
153 560 324 640 parabatur.
347 562 479 620 sentiunt
489 559 611 622 Hernici
625 568 654 622 ct
663 561 839 640 praedicunt
849 563 989 638 Romanis
998 563 1071 626 Ece-

114 651 234 706 tranum
259 645 295 704 ad
310 645 427 722 aequos
444 644 581 706 descisse.
612 652 749 724 suspecta
772 651 801 706 et
822 645 936 708 colonia
953 647 1072 708 Antium
1090 661 1107 712 3

113 729 187 798 tut,
208 729 415 806 quod'magna
438 729 481 788 vis
501 725 656 787 hominum
676 729 761 799 inda,
778 747 846 790 oum
861 730 1003 810 oppidum
1024 749 1072 792 ca·

112 817 198 892 ptum
211 817 299 880 esset,
313 811 495 888 confugisset
504 810 540 870 ad
549 809 682 888 Aequom
699 813 782 890 isque
798 812 883 874 miles
894 830 950 891 per
960 812 1072 874 bellum

112 896 277 974 Aequicum
292 894 337 955 rel
354 895 517 954 acerrimus
532 893 596 954 luit.
628 893 778 973 conpulsis
793 895 899 957 deinde
917 899 948 958 in
963 897 1072 977 oppida
1089 907 1105 955 t

111 981 222 1057 Aequis
246 997 280 1040 ea
301 976 459 1038 multitudo
480 977 593 1056 dilapsa
614 995 683 1038 cum
702 977 823 1040 Antium
849 980 992 1050 redisset,
1018 997 1072 1042 sua

112 1068 220 1143 sponte
236 1063 296 1122 iam
313 1061 419 1121 infidos
437 1059 557 1121 colonos
574 1060 715 1122 Romanis
732 1061 916 1123 abalienavit.
944 1063 1071 1125 necdum
1089 1073 1105 1124 a

113 1152 229 1206 matura
251 1163 285 1206 re
309 1163 377 1204 curn
399 1143 595 1205 deiectionem
608 1146 709 1222 parari
729 1144 859 1206 delatum
877 1146 913 1206 ad
936 1153 1071 1208 senatum

113 1235 207 1299 esset,
224 1228 326 1290 datum
340 1228 491 1304 negotium
508 1233 553 1288 est
570 1226 756 1299 consulibus,
774 1233 810 1288 ut
820 1229 1005 1308 principibus
1021 1247 1070 1290 co·

111 1313 211 1374 leniae
220 1312 345 1372 Romam
357 1313 460 1372 excitis
474 1317 670 1390 quaererent,
684 1312 754 1390 quid
768 1315 814 1374 rei
826 1318 912 1374 esset.
940 1314 1106 1390 queunt

110 1396 192 1457 haud
214 1401 332 1473 gravate
353 1396 517 1465 tenissent,
538 1395 699 1455 introducti
714 1414 730 1456 a
746 1394 917 1457 consulibus
932 1395 968 1458 ad
984 1413 1070 1457 sena·

111 1486 176 1540 tum
193 1481 233 1540 ita
248 1479 468 1559 responderunt
485 1477 521 1539 ad
544 1481 739 1556 interrogata,
766 1485 799 1539 ut
821 1481 914 1558 magis
938 1481 1071 1558 suspecti

112 1580 202 1642 quarn
222 1569 365 1625 venerant
386 1561 614 1622 dimitterentur.
642 1560 752 1622 bellum
769 1563 838 1625 inde
852 1562 931 1624 haud
947 1562 1070 1624 dubium
1088 1575 1201 1626 tx...

111 1647 227 1708 baberi.
260 1647 310 1725 Sp.
324 1645 432 1707 Furius
448 1644 604 1706 consulum
619 1645 707 1716 alter,
722 1648 771 1706 cui
786 1665 820 1707 ea
835 1647 986 1725 provincia
1004 1662 1069 1708 eve·

111 1736 215 1800 uerat,
236 1728 389 1809 proiectus
411 1727 442 1788 in
456 1728 573 1808 Aequas
586 1729 782 1790 Hernicorum
805 1731 836 1789 in
858 1747 928 1808 agro
945 1729 1069 1808 popula·

112 1814 247 1877 nundum
272 1813 388 1875 hostem
412 1813 537 1882 inuenit,
565 1815 745 1890 ignarusque
765 1811 976 1882 multitudinis,
1001 1814 1070 1890 quia

112 1915 259 1976 nusquam
278 1898 417 1958 universa
441 1903 599 1975 conspecta
619 1896 731 1966 iuerat,
754 1897 890 1975 inparem
911 1897 1004 1974 copiis
1019 1915 1069 1956 ex·

112 1983 239 2044 ercitum
255 1987 366 2042 temere
377 1997 494 2059 pugnae
510 1981 664 2040 commisit.
693 1981 791 2058 primo
801 1990 951 2041 concursu
965 1976 1069 2058 pulsus

104 2084 145 2132 se
160 2067 239 2125 intra
254 2071 351 2126 castra
365 2064 488 2142 recepit.
515 2081 612 2142 neque
627 2065 652 2124 is
667 2063 734 2123 linis
749 2061 877 2142 periculi
890 2063 954 2124 luit.
984 2079 1066 2122 narn-
1082 2075 1100 2127 8

112 2167 171 2228 quc
189 2154 222 2210 et.
235 2148 370 2229 proxima
387 2153 474 2208 nocte
497 2153 526 2210 et
541 2153 663 2226 postero
685 2147 732 2208 die
748 2151 829 2206 tanta
844 2149 872 2206 vi
887 2152 984 2207 castra
998 2151 1069 2206 sunt

112 2235 309 2294 circumsessa
325 2237 413 2310 atque
425 2237 609 2310 oppugnata,
624 2235 657 2291 ut
673 2248 711 2292 ne
727 2231 849 2292 nuntius
864 2229 983 2310 quidem
998 2228 1067 2290 inde

112 2317 190 2378 mitti
201 2315 325 2377 Romam
337 2321 448 2400 posset.
475 2313 595 2375 Hernici
610 2319 640 2376 et
652 2312 729 2374 male
740 2319 904 2393 pugnatum
916 2320 946 2376 et
960 2330 1067 2374 consu·
1086 2321 1103 2374 9

112 2400 172 2462 lem
187 2401 407 2476 exercitumque
423 2396 552 2458 obsideri
565 2399 792 2467 nuntiaverunt,
813 2403 986 2476 tantumque
1007 2403 1067 2458 ter·

113 2495 214 2545 rorem
235 2480 555 2560 incussere‘patribus,
579 2487 625 2551 ut,
645 2497 720 2558 quae
740 2480 836 2541 sorma
855 2486 976 2542 senatus
997 2497 1068 2540 con·

113 2566 183 2630 sulti
205 2565 326 2628 ultimae
347 2583 465 2644 semper
485 2564 670 2632 necessitatis
691 2562 792 2624 habita
816 2569 874 2634 est,
904 2562 1067 2630 Postumio,

113 2651 198 2712 alteri
213 2649 384 2719 consulum,
405 2648 557 2726 negotium
571 2648 707 2717 daretur,
729 2647 856 2717 rideret,
880 2663 918 2708 ne
934 2645 1005 2725 quid
1018 2663 1068 2708 res

112 2734 232 2814 publica
250 2732 419 2794 detrimenti
439 2738 566 2811 caperet.
599 2733 697 2810 ipsum
713 2729 865 2791 consulem
876 2730 986 2791 Romae
1006 2747 1069 2790 ma·
1088 2738 1121 2790 lu

113 2835 186 2878 nere
209 2817 245 2878 ad
268 2813 498 2878 conscribendos
521 2832 641 2884 omnes,
661 2815 712 2894 qui
736 2831 817 2876 arma
836 2813 916 2876 serre
936 2819 1066 2892 possent,

113 2902 258 2979 optimum
273 2900 368 2961 visum
390 2903 450 2968 est,
472 2916 527 2977 pro
550 2897 671 2960 consule
693 2895 915 2966 budinarium
935 2896 1068 2959 subsidio

114 2984 220 3044 castris
235 2995 301 3043 cum
312 2979 415 3044 sociali
429 2983 561 3043 exercitu
572 2983 657 3042 mitti.
688 2980 725 3041 ad
741 2999 808 3042 eum
823 2981 1001 3060 explendum
1013 2981 1067 3042 La·
1087 2983 1116 3034 11

113 3067 169 3126 tini
189 3065 370 3144 Hernicique
395 3071 425 3126 et
446 3063 560 3126 colonia
575 3065 694 3125 Antium
712 3064 783 3125 dare
799 3062 938 3133 Quinctio
955 3063 1068 3124 subita·

114 3153 174 3212 rios
196 3147 357 3212 milites-
380 3149 422 3210 ita
442 3153 505 3208 tum
527 3149 684 3226 repentina
699 3146 806 3208 auxilia
822 3145 1011 3226 appellabant
1029 3179 1064 3192 -

112 3251 194 3296 iussu.

174 3318 206 3378 V.
235 3315 320 3380 Multi
343 3335 398 3397 per
422 3333 472 3378 eos
489 3316 551 3378 dies
569 3321 666 3377 motus
683 3313 827 3392 multique
849 3315 977 3393 impetus
998 3312 1067 3374 hirae
1087 3320 1100 3370 ι

112 3406 200 3478 atqua
214 3399 297 3461 illinc
314 3400 398 3472 iacti,
422 3402 489 3478 quia
511 3407 670 3478 superante
684 3397 873 3458 multitudine
882 3397 988 3460 bostes
1001 3413 1066 3458 car·

112 3500 185 3563 pere
202 3483 394 3546 multifariam
415 3485 493 3544 vires
516 3483 678 3553 Romanas,
702 3488 813 3548 utnon
833 3481 1008 3543 suffecturas
1029 3478 1068 3540 ud

147 3596 173 3630 a.
185 3597 245 3633 n1vr
257 3598 327 3634 raas
340 3599 359 3633 r.
897 3569 916 3630 9
