2522 3954
288 225 337 275 DE
354 225 427 274 'l'l'l'l
443 225 689 275 n1v11v1rttot·
709 225 873 278 sentens.
964 229 1058 280 LXXV
1104 243 1106 247 ·

86 385 286 443 emendatores
301 383 463 448 habuerunt,
478 383 544 441 boni
559 392 587 442 et
603 393 727 444 accurate
741 387 852 462 scripti,
870 405 904 451 an
919 405 1003 463 aeque
1018 396 1057 446 at·

89 485 147 544 que
164 468 350 542 antiquissimi
366 467 483 532 codices,
501 467 546 542 qui
564 469 717 528 etiamnunc
732 479 846 536 exstant,
861 471 1015 530 Puteansus
1029 480 1058 530 et

89 552 345 616 naurishamensis,
371 550 475 610 lacunis
490 559 517 609 et
530 552 604 610 vitiis
618 554 761 614 deformati
779 555 901 620 luerint,
924 556 988 630 quid
1005 557 1058 632 ipsi

87 637 233 694 decuerint
248 643 295 693 aut
311 635 476 699 addiderint,
496 637 561 709 quid
580 654 614 695 ex
628 637 688 695 aliis
700 637 778 696 libris
795 639 975 714 sumpserint,
992 639 1056 715 quid

89 729 195 795 suopte
211 720 323 794 ingenio
338 719 505 784 invenerint;
523 727 550 777 et
565 737 625 778 cum
641 722 731 797 ipsum
748 723 885 798 exemplar
898 722 932 780 ab
945 723 980 781 iis
993 739 1056 782 con·

91 804 198 862 lectum
217 820 272 862 non
294 804 361 861 satis
378 803 524 877 diligenter
538 805 669 880 scriptum
690 806 774 864 inisse
792 807 927 872 videatur,
944 807 1057 882 eiusque
1163 837 1165 840 ·

90 903 205 945 errores
232 897 259 945 et
273 888 337 945 vitia
353 888 380 942 in
398 886 449 944 alia
469 887 600 945 translata
615 895 643 946 et
661 889 834 965 neglegentia
854 899 936 965 atque
950 891 1057 949 inscitia

90 971 272 1028 librariorum
288 979 374 1034 aucta,
390 969 468 1028 lacile
483 970 656 1046 intelligitur,
669 989 749 1048 want
763 974 869 1034 lubrico
881 974 1057 1034 fundamento

91 1055 230 1112 librorum
252 1055 355 1130 primae
380 1054 487 1112 decadis
512 1062 602 1112 textus
622 1057 740 1122 nitatur,
761 1060 789 1115 et
810 1075 891 1134 quam
905 1059 1010 1117 incerta
1030 1066 1058 1116 et

91 1137 214 1196 difficilis
231 1139 268 1196 sit
282 1155 377 1196 eornm
394 1138 555 1196 emendatio.
577 1139 643 1196 Nam
658 1141 722 1198 dum
740 1142 859 1200 certiora
872 1142 1058 1216 antiquiorum

91 1223 220 1280 codicum
237 1222 356 1280 subsidia
375 1229 470 1297 parata
490 1230 586 1286 erunt,
603 1224 630 1280 id
646 1233 688 1282 est
703 1225 850 1299 agendum,
867 1233 900 1283 ut
912 1243 946 1284 ex
962 1225 996 1283 iis
1011 1227 1058 1300 qui

92 1314 204 1364 exstant
227 1306 379 1370 codicibus,
409 1305 473 1380 quid
490 1307 519 1363 in
531 1291 755 1366 nicomttnorum
772 1318 800 1367 et
816 1309 965 1368 Victoriam
979 1307 1058 1366 libris

93 1398 142 1447 aut
164 1389 195 1446 in
211 1389 280 1454 illis,
302 1390 401 1464 quibus
422 1390 450 1446 in
472 1390 639 1448 emendando
654 1391 730 1449 bivio
744 1392 788 1450 usi
803 1400 880 1456 sunt,
902 1400 950 1452 aut
969 1391 997 1448 in
1014 1393 1057 1458 iis,

94 1491 168 1548 quos
192 1473 246 1549 ipsi
263 1475 419 1531 emendatos
435 1473 623 1550 reliquerunt,
641 1475 771 1550 scriptum
787 1476 886 1540 inerit,
904 1477 1057 1552 indagetur,

94 1558 162 1618 etsi
182 1557 339 1632 depravatio
360 1559 419 1632 ipsa
441 1565 469 1614 et
494 1575 574 1616 causa
588 1559 787 1634 depravationis
802 1560 915 1618 inveniri
926 1561 1057 1636 potuerit,

95 1641 236 1716 quommlo
256 1658 319 1700 vera
334 1639 416 1700 lectio
438 1643 546 1699 restitui
563 1642 653 1718 possit
667 1638 879 1718 quaeratnr²⁴⁶).
909 1644 949 1702 td
966 1644 994 1702 id
1011 1661 1058 1702 au·

96 1734 152 1784 tem
181 1725 399 1800 investigandum
430 1743 462 1782 ex
483 1726 586 1800 primae
614 1727 722 1788 decadis
749 1727 941 1803 manuscriptis
972 1727 1056 1803 pluri·

95 1826 171 1866 mum
198 1809 323 1866 adiuvare
345 1826 428 1885 posse
445 1809 690 1876 Wormaciensem,
710 1809 870 1876 llcdiceum,
897 1811 1056 1876 Parisinum,

95 1892 332 1966 Bambergensem,
340 1893 533 1969 lipsaliensem,
548 1893 790 1952 llelmstadiensenr
799 1894 925 1970 primum,
937 1894 1055 1952 liinsied·

95 1976 216 2040 lensem,
242 1976 401 2035 beideusem
421 1978 555 2053 primurn,
573 1977 745 2036 llarleiauum
764 1979 882 2054 primum
907 1979 959 2036 iam
987 1979 1056 2036 inter

98 2077 192 2118 omnes
205 2068 323 2118 constat.
345 2061 434 2136 Atque
447 2061 687 2126 Wormaciensem,
702 2063 749 2136 qui
764 2063 816 2120 iam
831 2079 965 2138 nusquam
980 2080 1057 2138 repc-

97 2145 178 2208 ritur,
191 2144 290 2202 Beatus
301 2145 444 2202 llh'enanus
462 2144 496 2201 ab
509 2145 662 2203 lleinhardo
677 2164 693 2203 a
707 2145 821 2221 llietpnr
834 2147 962 2204 ecclesiae
976 2147 1056 2203 Wcr·

96 2229 242 2286 niciensis
256 2229 357 2286 decano
372 2229 476 2303 accepit
487 2245 575 2303 eoque
591 2229 620 2285 in
633 2228 712 2286 libris
726 2229 864 2295 l,20,2-
873 2229 986 2293 vimi
996 2223 1056 2302 ²⁴⁶).
1138 2222 1143 2226 ’

97 2329 165 2387 quas
178 2320 273 2387 partes
288 2311 453 2376 continebat,
465 2312 646 2377 emendandis,
654 2313 752 2372 cumin
769 2313 845 2372 nullo
859 2308 1000 2372 libro'tum
1011 2331 1056 2372 co·

97 2397 176 2470 guito
191 2394 288 2453 melius
304 2413 364 2454 esse
378 2403 500 2454 servatos
509 2397 701 2471 perspexisset,
710 2397 857 2473 diligenter
865 2415 932 2456 usus
940 2407 991 2456 est.
1006 2396 1056 2466 Qui

96 2478 177 2544 liber,
193 2497 273 2554 quem
284 2478 508 2538 Nicomachorum
523 2481 709 2539 recensionem
723 2481 850 2538 habuisse
867 2489 895 2538 ct
911 2481 1057 2539 Rhenanus

98 2571 218 2620 testatur
232 2563 505 2622 ctabralienborchio
522 2563 690 2633 intellectum
707 2558 818 2639 θείω),
828 2581 889 2622 cum
903 2581 959 2622 non
971 2572 1056 2622 totam

97 2647 225 2705 decadem
239 2645 385 2712 exhiberet,
401 2665 490 2723 neque
502 2642 591 2705 omnia
604 2665 635 2704 ex
648 2665 680 2704 co
693 2657 804 2706 enotare
816 2648 944 2706 Rhenano
957 2665 1055 2724 operae

98 2731 218 2804 pretium
233 2730 338 2796 luisset,
355 2742 509 2808 opportune
524 2741 567 2789 est
581 2731 689 2796 iactum,
707 2731 921 2806 quodllediceus
938 2749 970 2790 ex
985 2733 1054 2790 eius·

98 2815 158 2872 dem
174 2813 292 2872 familiae
307 2815 407 2879 codice.
428 2815 565 2874 simillimo
579 2816 790 2874 wormaciensis
805 2817 884 2882 sonti,
901 2816 1055 2892 descriptus

99 2907 126 2955 et
146 2906 269 2956 servatus
290 2891 347 2962 e'st,
367 2906 505 2973 totamque
525 2898 644 2957 continet
663 2900 797 2958 decadem.
831 2899 912 2958 Cuius
928 2899 993 2957 libri
1008 2917 1054 2958 tm·

99 2982 201 3040 decimo
220 2982 327 3040 saeculo
343 2983 437 3058 scripti
455 2991 483 3040 et
493 2981 647 3040 Florentiae
664 2985 691 3040 in
704 2983 886 3042 bibliothecae
900 2984 1055 3042 laurentia·

164 3229 226 3292 245)
239 3231 289 3282 tid.
302 3232 379 3283 lalanii
390 3233 450 3282 dnn.
463 3232 548 3290 lllllll',
560 3229 623 3290 3573
640 3231 717 3282 llsrtz.
731 3233 819 3296 proles.
832 3246 856 3295 p.
869 3229 961 3280 lllllllll
972 3243 1010 3296 sq.

164 3294 226 3360 246)
238 3298 289 3350 vit.
308 3299 387 3350 adnot
400 3299 475 3350 liben.
488 3298 518 3350 aa
534 3299 585 3350 bit.
597 3299 621 3357 l,
634 3295 679 3354 20,
691 3297 719 3354 2,
732 3298 772 3348 ubi
785 3297 853 3348 initio
865 3297 924 3348 duos
936 3299 1054 3349 terniones

102 3367 202 3416 doluisse
214 3373 236 3414 et
246 3365 272 3416 in
283 3367 332 3416 dns
343 3368 474 3418 mutilatam
487 3367 560 3416 luisse
571 3371 683 3430 queritur,
696 3365 728 3416 cl.
742 3364 820 3415 adnot.
834 3363 865 3414 ad
877 3363 914 3423 ll,
927 3361 950 3422 1,
963 3363 979 3413 2
990 3373 1014 3415 et
1025 3365 1054 3414 ad

102 3433 155 3483 Μ’
164 3434 226 3564 ἓῖῗῇ
238 3431 320 3551 313⁷
326 3501 364 3552 sa.
377 3517 400 3566 p.
413 3498 430 3550 o
456 3499 572 3551 ornent.
586 3499 635 3548 vo.
648 3498 693 3556 xv,
708 3496 730 3556 1,
741 3513 766 3563 p.
778 3498 826 3550 nu
840 3505 862 3548 a
873 3495 930 3548 cto.
