2580 3954
200 185 263 250 184
375 197 472 238 brnen
488 195 539 238 ιιι.
555 193 625 238 oar.
641 186 688 240 61..
698 183 743 238 62.
775 171 815 256 [a.
829 195 860 236 u.
878 194 904 235 c.
919 173 982 254 ³⁰5]

200 347 328 425 Appium
349 345 442 406 civem
461 341 652 420 periculosae·
663 339 807 401 libidinis:
830 347 874 410 at,
896 325 922 400 si
940 339 1058 400 fortuna
1082 337 1159 402 belli

200 429 337 499 inclinet,
362 427 493 488 omnium
510 423 617 486 liberis
637 423 673 486 ab
696 431 741 485 tot
753 421 872 506 milibus
890 421 1020 482 bostium
1037 423 1159 501 pericu-
1266 455 1267 462 ι

159 521 183 572 5
199 513 262 574 lum
276 511 349 572 lore.
378 507 458 570 nolle
472 509 613 576 ominari,
636 525 712 584 quaa
724 524 781 568 nec
794 507 927 584 luppiter
941 522 997 566 nec
1011 505 1089 566 llars
1104 523 1161 584 pa·

199 605 246 657 ter
260 594 377 673 passuri
390 593 450 654 sint
463 591 500 651 iis
511 590 650 666 auspiciis
662 591 797 650 conditae
808 587 876 649 urbi
891 589 1036 649 accidere.
1063 589 1160 649 Aren·
1266 595 1267 608 *

160 679 255 741 titini
278 678 418 753 Sacrique
438 673 557 734 montis·
570 671 760 742 admonebat,
782 678 826 741 nt,
852 671 905 731 uhi
928 670 1049 732 libertas
1072 678 1161 750 parta
1266 709 1267 726 t

150 763 151 768 ’
199 767 277 824 esset
290 759 394 838 paucis
408 763 474 816 aute
489 753 657 824 mensibus,
673 772 708 815 eo
721 755 880 833 imperium
893 753 1049 815 inlibatum
1062 755 1145 816 refer

197 851 281 912 rent,
307 839 555 914 ostenderentque
571 837 694 898 eandem
718 837 848 898 indolem
862 835 1004 898 militibus
1017 835 1159 898 Romanis

199 932 266 1006 post
289 930 406 985 exactos
429 921 610 982 decemviros
632 939 711 990 esse,
737 937 813 997 quae
836 927 903 980 ante
922 927 1037 981 creatos
1058 919 1157 992 luerit,

199 1026 255 1070 nec
272 1006 405 1082 aequatis
426 1001 541 1080 legibus
561 1005 735 1064 inminutam
757 1005 894 1064 virtutem
914 1003 1018 1082 populi
1032 1002 1157 1065 Romani

166 1103 273 1154 iesse.
305 1089 379 1148 haec
398 1087 451 1148 ubi
473 1087 551 1146 inter
573 1087 656 1163 signa
674 1087 806 1164 peditum
830 1087 906 1147 dicta
928 1086 1021 1157 dedit,
1043 1085 1157 1148 advolat

200 1173 306 1236 deinde
321 1171 359 1232 ad
375 1172 503 1249 equites:
524 1171 621 1246 „agite
634 1171 774 1230 iuvenes“
789 1171 899 1246 inquit,
915 1177 1082 1248 „praestate
1097 1171 1158 1229 rir-

161 1267 183 1320 -3
199 1264 261 1319 tute
280 1255 425 1334 peditem,
446 1259 479 1312 ut
498 1252 613 1313 bonore
635 1253 849 1330 atqueordine
868 1254 1031 1331 praestatis.
1061 1255 1158 1332 primo

201 1356 349 1401 concursu
362 1337 455 1416 pedes
469 1337 560 1396 morit
572 1335 703 1404 bostem,
723 1334 842 1414 pulsum
862 1352 914 1396 ros
928 1337 1058 1408 inmissis
1076 1337 1158 1414 equis

203 1424 310 1499 exigite
328 1436 473 1498 ecampo.
502 1435 564 1478 non
578 1416 765 1478 sustinebunt
775 1419 933 1495 impetum,
952 1427 981 1480 et
992 1437 1072 1480 nunc
1087 1437 1159 1480 cun·

163 1518 186 1581 ,o
203 1511 319 1566 ctantur
340 1504 432 1579 magis
455 1518 543 1579 quam
561 1502 734 1562 resistunt“
764 1503 915 1562 concitant
931 1520 1023 1580 equos
1037 1504 1160 1582 permit·

200 1595 323 1663 tuutque
338 1587 369 1644 in
385 1584 499 1646 hostem
514 1583 645 1662 pedestri
665 1584 725 1644 iam
744 1583 894 1646 turbatum
909 1603 1024 1664 pugna,
1047 1595 1076 1647 et
1089 1602 1160 1664 per·

200 1671 296 1748 ruptis
318 1667 472 1729 ordinibus
494 1663 562 1730 clati
582 1667 619 1728 ad
641 1667 829 1729 novissimam
848 1670 944 1730 aciem
967 1686 1037 1747 pars
1064 1668 1160 1730 libero
1266 1735 1267 1744 p

200 1755 295 1832 spatio
316 1751 506 1814 circumvecti
530 1751 589 1810 iam
608 1750 708 1827 lugam
735 1751 866 1830 undique
888 1759 1075 1830 capessentes
1096 1751 1160 1831 ple·

202 1854 314 1914 rosque
327 1854 343 1896 a
359 1835 462 1896 eastris
479 1839 613 1896 avertunt
627 1837 968 1912 praeterequitantesque
983 1833 1158 1896 absterrent

153 1921 335 1998 inpeditum
357 1920 436 1978 acies
463 1924 493 1978 et
517 1915 620 1978 consul
646 1918 832 1995 ipsevisque
856 1919 952 1978 omnis
973 1917 1046 1980 belli
1065 1917 1160 1980 fertur

201 2004 233 2062 in
260 2009 371 2072 castra,
395 2001 547 2079 captisque
567 2017 635 2060 cum
657 2001 771 2076 ingenti
790 2000 896 2068 caede,
917 2003 1029 2062 maiore
1050 2001 1160 2080 praeda

202 2087 325 2164 potitur.

152 2186 184 2238 ll
262 2166 357 2228 Huius
377 2182 494 2244 pugnae
514 2166 590 2226 lama
605 2165 718 2244 perlata
737 2184 798 2228 non
814 2169 845 2226 in
860 2166 964 2228 urbem
982 2168 1084 2238 modo,
1108 2167 1160 2229 sed

201 2253 234 2310 in
249 2247 374 2311 Sabinos
397 2249 432 2308 ad
453 2247 578 2308 alterurn
597 2250 775 2320 exercitum,
798 2251 830 2310 in
852 2249 927 2312 urbe
948 2250 1057 2312 laetitia
1071 2251 1159 2311 modo

203 2331 352 2394 celebrata
368 2337 426 2401 est,
449 2332 600 2392 incastris
616 2333 729 2392 animos
747 2333 873 2393 militum
896 2333 933 2394 ad
953 2332 1160 2396 aemulandum

150 2429 185 2482 te
203 2415 447 2478 decusacccndit.
469 2415 527 2474 ianr
538 2415 677 2476 Horatius
688 2433 739 2476 eos
750 2415 975 2477 excursionibus
986 2417 1159 2479 sufficiendo
1266 2487 1267 2498 p

202 2498 384 2578 proeliisque
409 2496 522 2559 levibus
547 2496 728 2577 experiundo
754 2497 958 2560 adsuefecerat
980 2499 1037 2561 sibl
1062 2502 1159 2579 potius

202 2582 296 2643 fidere
318 2600 406 2660 quam
426 2582 594 2642 meminisse
613 2583 793 2658 ignominiae
814 2582 1049 2644 decemvirorum
1070 2584 1159 2644 ductu
1266 2651 1267 2672 ἶ

184 2737 186 2746 Ι
203 2672 358 2743 acceptam
376 2681 525 2743 parvaque
539 2666 701 2724 certamina
714 2667 746 2726 in
761 2683 905 2726 summam
920 2667 1009 2727 totius
1023 2667 1160 2745 proiece-

152 2759 185 2812 13
203 2754 271 2809 rant
283 2749 356 2827 spei.
382 2765 438 2808 nec
449 2745 602 2807 cessabant
617 2746 717 2808 Sabini
738 2749 852 2810 feroces
864 2748 900 2808 ab
918 2768 952 2811 re
968 2751 1070 2828 priore
1081 2768 1159 2810 anno
1266 2786 1267 2814 t

202 2831 279 2892 bene
294 2837 374 2908 gesta
394 2828 539 2890 lacessere
559 2838 645 2907 atque
660 2832 770 2892 instare
784 2833 961 2908 rogitantes,
983 2833 1054 2910 quid
1069 2832 1158 2894 latro·

204 2914 275 2974 cinii
293 2912 382 2973 modo
410 2921 620 2990 procursantes
644 2915 731 2991 pauci
755 2921 1004 2993 recurrentesque
1028 2923 1160 2978 tererent
1266 2921 1267 2926 ’

203 3005 334 3076 tempus,
354 2997 426 3058 etin
442 2994 534 3056 multa
550 2997 826 3075 proelia'parvaque
842 3005 999 3076 carperent
1013 3017 1159 3061 summam

154 3089 187 3142 lt
206 3083 293 3143 unius
306 3079 395 3143 ballii
422 3080 494 3158 quin
504 3078 548 3140 illi
562 3081 816 3158 congrederentur
827 3083 890 3142 acic
900 3082 1158 3161 inclinandamque

204 3164 296 3226 semel
314 3166 448 3225 fortunae
463 3181 528 3224 rem
545 3163 666 3225 darent?

172 3249 186 3300 1
265 3246 351 3307 LXII.
382 3247 425 3306 rid
448 3247 478 3306 id
494 3247 572 3324 quod
587 3264 639 3308 sua
654 3254 759 3326 sponte
775 3249 845 3310 satis
866 3247 1032 3311 conlectum
1048 3266 1158 3310 arnmo-
1266 3255 1267 3290 l

205 3347 272 3388 rnm
289 3335 365 3399 erat,
386 3328 558 3406 indignitate
582 3333 668 3392 etiam
682 3331 807 3392 liomani
824 3332 1071 3394 accendebantur.
1101 3333 1159 3392 iam
1266 3343 1267 3366 ¹

207 3409 332 3472 alterum
350 3412 509 3474 exercitum
524 3415 664 3476 victorem
679 3415 710 3476 iu
727 3413 831 3476 urbem
849 3416 1028 3487 rediturum,
1044 3414 1100 3478 sibi
1114 3413 1159 3476 ul·
