2548 3954
236 167 275 227 14
409 180 503 224 crinon
518 182 541 224 1.
574 180 644 222 cnr.
661 175 703 226 11.
723 173 763 226 12.
790 163 830 241 [a.
846 184 874 224 u.
893 185 917 223 c.
936 163 1009 240 tall

234 335 323 389 tatem
338 328 477 407 accipiat:
491 329 531 389 ita
547 347 611 391 rem
628 327 796 392 coalescere
813 329 971 390 concordia
982 348 1079 408 posse.
1099 331 1185 394 facilc

201 425 217 478 t
234 413 430 490 impetratum.
459 411 531 473 lude
552 421 654 474 contra
678 413 880 475 Crustuminos
900 413 1052 490 profectus
1074 413 1185 476 bellum

234 495 405 557 inferentes.
436 494 478 556 ibi
499 499 596 558 minus
615 498 717 567 etiarn,
739 497 817 574 quod
837 495 941 559 alienis
957 495 1092 559 cladibus
1108 501 1186 560 ceci·

200 596 216 643 a
234 579 339 640 derant
360 579 465 648 animi,
490 582 658 642 certaminis
677 581 741 640 luit.
769 587 896 658 utroque
910 578 1045 643 coloniae
1062 584 1185 650 missae,

234 661 336 741 plures
348 663 469 740 incepti,
484 666 535 740 qui
551 672 674 744 propter
689 662 853 726 ubertatem
866 672 966 726 terrac
982 668 1013 725 in
1025 666 1186 727 Crustumi·

233 763 304 807 num
326 747 446 806 nomina
466 747 580 809 darent
615 755 644 810 et
662 747 785 808 Romam
806 747 876 810 iudo
891 749 1062 826 frequenter
1076 751 1186 828 migra·

233 837 295 890 tum
311 837 363 901 est,
381 847 397 890 a
415 829 587 908 parentibus
602 832 727 892 manme
742 849 777 892 ac
793 833 969 911 propinquis
982 839 1142 912 raptarum.

200 921 216 970 o
295 913 490 974 Novissimurn
513 913 550 975 ab
572 914 689 976 Sabinis
708 912 820 976 bellum
841 921 952 986 ortum,
981 914 1132 993 multoque
1156 916 1185 978 id

234 998 393 1057 maximum
411 995 478 1058 luit:
497 997 571 1058 nihil
583 999 662 1060 euim
675 1016 730 1076 per
743 999 818 1058 iram
829 1006 879 1060 aut
889 999 1077 1077 cupiditatem
1089 1008 1186 1060 actum

200 1089 216 1138 u
234 1088 287 1150 est,
302 1098 359 1142 nec
375 1080 569 1143 ostenderunt
581 1080 694 1144 bellum
712 1084 796 1159 prius
816 1099 903 1160 quam
922 1081 1093 1145 intulerunt.
1115 1100 1185 1144 con·
1265 1145 1266 1150 ,

233 1163 299 1225 silio
312 1166 399 1226 etiam
410 1164 525 1227 additus
540 1165 633 1228 dolus.
650 1165 773 1244 Spurius
785 1165 932 1244 Tarpeius
938 1165 1088 1228 Romanae
1098 1184 1186 1245 prae·

234 1255 299 1308 erat
317 1250 389 1309 arci.
420 1248 508 1312 buius
530 1249 620 1310 liliam
637 1250 781 1326 virginem
801 1267 873 1310 auro
894 1251 1057 1328 corrumpit
1076 1250 1186 1320 Tatius,

233 1340 266 1392 ut
280 1339 407 1408 armatos
422 1334 454 1393 lu
468 1350 567 1394 arcem
583 1334 709 1413 accipiat
721 1367 755 1378 -
768 1349 874 1410 aquam
888 1333 965 1394 forte
976 1351 1010 1394 ea
1020 1339 1084 1394 tum
1094 1336 1186 1394 sacris

200 1430 215 1479 7
233 1421 314 1476 extra
329 1417 447 1478 moenia
460 1418 584 1494 petitum
597 1419 672 1479 ierat
684 1434 737 1485 -;
754 1418 866 1495 accepti
882 1415 1018 1479 obrutam
1031 1418 1122 1478 armis
1132 1433 1185 1478 ue·

233 1515 346 1569 cavere,
360 1516 413 1560 seu
426 1501 498 1559 utvi
513 1507 598 1578 capta
613 1502 710 1578 potius
728 1517 781 1562 arx
797 1501 956 1571 videretur,
971 1518 1023 1564 seu
1036 1500 1184 1579 prodendi

233 1579 360 1659 exempli
385 1599 488 1653 causa,
518 1583 646 1661 nequid
671 1601 796 1662 usquam
817 1584 909 1645 fidum
932 1584 1078 1662 proditori
1098 1593 1184 1646 esset.

129 1737 132 1744 ¹
149 1705 152 1708 -
198 1676 215 1728 θ
232 1665 349 1726 additur
366 1664 492 1737 fabulae,
508 1667 587 1746 qnod
602 1666 688 1745 vulgo
707 1665 809 1730 Sabini
825 1685 930 1730 aurcas
944 1667 1073 1730 armillas
1086 1670 1184 1746 magni

231 1748 373 1827 ponderis
393 1748 517 1812 brachio
536 1749 619 1814 laevo
634 1759 854 1830 gemmatosque
871 1769 978 1830 magna
994 1754 1094 1831 specle
1111 1769 1185 1812 anu·

232 1831 277 1893 los
301 1830 475 1906 habuerint,
499 1837 647 1914 pepigisse
668 1853 733 1897 eam
752 1835 831 1914 qnod
854 1837 886 1896 in
899 1836 1028 1898 sinistris
1048 1834 1185 1896 manibus

111 1933 115 1939 ·
184 1919 215 1980 't
232 1915 391 1986 hahenaim
422 1936 457 1981 eo
480 1926 562 1982 scuta
585 1919 628 1980 illi
651 1936 707 1998 pro
726 1921 823 1982 aureis
837 1919 923 1981 donis
937 1925 1083 1998 congesta.
1115 1928 1185 1979 sunt

232 2001 283 2078 qui
299 2018 364 2062 eam
379 2020 415 2064 ex
431 2009 517 2080 pacto
532 2003 667 2066 tradendi
682 2003 762 2081 quod
775 2005 807 2064 in
822 2003 948 2066 sinistris
959 2001 1095 2064 manibus
1107 2010 1186 2066 esset

232 2083 352 2145 derecto
374 2103 455 2147 arma
476 2088 585 2166 petisse
606 2086 718 2156 dicant,
738 2094 768 2148 et
787 2086 890 2149 fraude
911 2088 1002 2148 usam
1026 2103 1115 2164 agere
1132 2104 1184 2148 sua

231 2168 325 2244 ipsam
343 2176 527 2248 peremptam
543 2170 690 2232 mercede.

201 2265 212 2315 1
296 2249 356 2312 llll.
376 2251 511 2314 l'euuere
524 2261 622 2314 tanmn
637 2271 736 2316 arcem
753 2253 864 2326 Sabini,
880 2263 968 2334 atquo
979 2253 1049 2316 inde
1063 2264 1183 2333 postero

231 2332 294 2403 die,
316 2351 384 2394 cum
398 2333 548 2398 Romanus
563 2339 708 2398 exercitus
729 2339 889 2401 instructus
904 2339 984 2417 qnod
1005 2339 1083 2399 inter
1099 2336 1184 2398 Pala·

231 2418 325 2476 tinum
346 2417 600 2498 Capitolinumque
615 2419 721 2482 collem
738 2425 834 2502 campi
851 2429 896 2484 est
911 2421 1101 2502 complesset,
1123 2437 1183 2481 non
1266 2471 1267 2490 ,

230 2501 314 2579 prius
329 2502 546 2565 descenderunt
559 2505 591 2565 in
605 2521 742 2582 aequum,
758 2523 846 2583 quarn
863 2508 909 2568 ira
927 2513 956 2568 et
966 2505 1124 2584 cupiditate
1135 2522 1183 2565 re·

231 2586 418 2663 cuperandao
437 2590 515 2649 arcis
531 2587 698 2650 stimulante
713 2590 827 2652 animos
842 2592 875 2650 in
889 2589 1045 2652 adversum
1058 2588 1183 2650 Romani

197 2667 357 2730 rsubiere.
388 2671 538 2750 principes
551 2674 701 2749 utrimque
714 2689 843 2752 pugnam
858 2671 989 2736 ciebant:
1010 2672 1047 2734 ab
1065 2670 1183 2734 Sabinis
1266 2699 1267 2724 ÷

231 2749 347 2812 Mettius
367 2751 499 2824 Curtius,
521 2754 558 2816 ab
577 2755 717 2817 llomanis
737 2755 856 2819 Hostius
872 2756 1022 2820 Hostilius.
1052 2755 1101 2816 hic
1115 2773 1182 2818 rem

230 2831 393 2894 Romanam
412 2837 516 2913 lnlquo
533 2837 600 2900 loco
616 2839 653 2900 ad
666 2841 762 2918 prima
776 2843 860 2919 signa
875 2843 973 2902 animo
990 2847 1076 2918 atque
1090 2838 1181 2899 auda·

197 2929 212 2979 3
230 2917 276 2977 cia
295 2918 465 2980 sustinebat.
496 2928 527 2982 ut
543 2921 663 2984 Hostius
676 2923 797 2995 cecidit,
821 2924 976 2988 conlectim
990 2924 1121 2985 Romana
1134 2923 1180 2982 in-

231 2998 357 3062 clinatur
373 3003 462 3074 acies,
477 3004 600 3084 lusuque
615 3006 708 3069 estad
723 3014 853 3072 veterem
865 3015 982 3086 portam
995 3006 1106 3069 Palatii
1121 3005 1180 3066 Ro·

229 3084 326 3148 mulus
342 3086 450 3164 etipse
464 3087 551 3150 turba
566 3089 740 3168 fugientium
754 3099 836 3154 actus
848 3109 930 3152 mma
945 3091 982 3152 ad
996 3089 1111 3153 caelum
1123 3087 1179 3150 tol·

197 3166 294 3232 alens
315 3168 482 3249 „laomen
503 3175 581 3236 tuir‘
603 3175 829 3252 inquorum
842 3174 945 3238 annus
959 3173 1010 3236 nn
1022 3176 1054 3235 rn
1069 3171 1179 3236 cuano

229 3253 325 3329 prima
339 3253 408 3315 urbi
425 3254 615 3320 laudamento
633 3259 700 3320 ieci
730 3277 830 3322 arcem
847 3261 907 3321 iam
922 3257 1035 3324 scolere
1053 3268 1178 3337 emptam

230 3333 331 3398 Sabini
345 3335 472 3408 habant:
487 3341 557 3403 inda
571 3340 631 3402 buc
645 3345 749 3404 minati
762 3351 899 3423 superata
915 3343 1012 3406 modia
1026 3341 1101 3404 valle
1115 3348 1179 3404 ten·

199 3425 212 3475 o
230 3417 310 3478 dunt.
338 3426 368 3480 at
385 3429 433 3489 tu.
453 3429 537 3501 pater
552 3425 640 3487 derum
658 3425 871 3504 hominumque
908 3426 978 3488 hinc
993 3425 1096 3488 saltem
1110 3442 1178 3486 arco
