2534 3956
242 246 338 289 13333
356 249 384 290 v.
414 246 485 290 cnr.
500 240 541 294 13.
561 239 660 294 1115.
692 229 733 306 [a.
750 230 785 292 0.
799 233 929 309 iot-398]
998 239 1057 302 271

1 385 2 438 l
108 392 207 455 intulit
221 400 383 464 terrorem,
400 395 639 475 trepidantesque
655 399 768 476 eruptio
784 417 819 460 ex
835 401 939 461 castris
953 419 1062 479 oppor-

109 485 180 540 tune
202 479 277 539 lacta
301 479 412 539 avertit.
446 479 583 558 repulsos
604 480 709 543 deinde
730 483 854 544 insecuti
868 484 994 545 victores
1015 487 1061 544 in·

109 569 226 640 gentem
243 560 399 623 ediderunt
414 561 542 624 caedem.
574 581 630 626 nec
645 565 684 624 ita
699 565 790 627 multo
806 573 872 645 post
888 567 946 626 iam
961 566 1062 645 palan-
1081 573 1122 626 12-

108 654 153 706 tes
167 644 255 706 veluti
272 644 349 707 iorte
361 643 451 707 oblati
467 645 655 724 populatores
673 648 826 727 Capenatis
844 651 907 728 agri
922 650 1062 728 reliquias

108 745 226 808 pugnae
241 727 441 808 absumpsere.
473 736 502 790 et
519 731 682 792 Veientium
701 731 882 810 refugientes
900 735 932 793 in
956 733 1061 796 urbem
1080 747 1115 800 13

108 811 194 872 multi
215 819 281 873 ante
303 820 403 890 portas
421 813 513 883 caesi,
539 814 607 874 dum
629 831 702 894 prae
722 821 816 886 metu,
839 833 877 876 ne
899 816 985 877 simul
1003 817 1062 878 Ro·

108 913 213 1037 npamrs
229 897 426 974 inrumperet,
451 895 572 958 obiectis
588 897 701 958 loribus
717 901 863 960 extremos
877 917 998 960 suorrmr
1013 919 1062 961 ex·

110 996 234 1041 cusere.

169 1061 241 1123 XIV.
269 1061 349 1124 Haeo
369 1080 404 1123 eo
419 1079 497 1122 anno
517 1070 588 1123 acta.
621 1071 649 1125 et
669 1066 728 1123 iam
743 1068 859 1126 comitia
875 1065 1063 1127 tribunorum
1082 1077 1099 1128 1

107 1145 233 1206 militum
247 1145 382 1215 aderant,
399 1162 524 1223 quorum
539 1162 634 1224 prope
645 1148 739 1206 maior
749 1147 883 1225 patribus
895 1166 981 1225 quam
992 1148 1062 1209 belli

109 1247 181 1289 cura
201 1236 276 1298 erat,
301 1229 411 1306 quippe
432 1245 494 1288 non
515 1231 760 1289 communicatum
776 1230 864 1291 modo
888 1249 954 1291 cum
974 1230 1062 1310 plebe

108 1311 161 1373 sed
174 1328 269 1390 prope
286 1313 425 1372 amissum
446 1310 636 1374 cernentibus
653 1329 799 1373 summum
812 1315 979 1391 imperium.
1009 1315 1062 1374 ita·
1080 1321 1098 1370 2

109 1411 167 1473 que
185 1393 354 1456 clarissimis
371 1395 441 1455 viris
464 1413 500 1456 ex
524 1395 686 1474 composito
700 1399 883 1474 praeparatis
904 1396 940 1457 ad
960 1403 1063 1475 peten-

108 1479 192 1548 dum,
210 1494 283 1555 quos
298 1479 508 1558 praetereundi
522 1479 731 1540 verecundiam
746 1479 904 1542 crederent
919 1481 1002 1550 iore,
1016 1482 1062 1539 ni·

108 1560 169 1622 hilo
191 1561 288 1624 minus
307 1563 381 1640 ipsi,
411 1561 534 1640 perinde
554 1580 588 1623 ac
611 1562 636 1622 si
658 1579 760 1623 omnes
788 1563 934 1624 candidati
955 1569 1061 1633 essent,

108 1653 213 1706 cuncta
231 1647 416 1724 experientes
433 1663 493 1706 non
508 1645 644 1707 homines
657 1645 745 1705 modo
760 1645 811 1706 sed
824 1646 895 1706 deos
912 1647 1000 1707 etiam
1012 1665 1062 1706 ex·

108 1727 272 1807 oipiehant‚
291 1731 322 1789 in
338 1729 512 1806 religionem
526 1734 673 1789 vertentes
688 1728 804 1788 comitia
815 1726 936 1788 biennio
952 1726 1060 1788 habita.

108 1814 209 1890 priore
222 1828 299 1872 anno
315 1810 529 1872 intolerandam
544 1810 672 1872 hiemem
683 1811 884 1888 prodigiisque
900 1811 1004 1872 divinis
1022 1813 1060 1872 si·
1078 1815 1098 1866 3

109 1894 209 1955 milem
226 1901 372 1963 coortam,
393 1910 538 1970 proxumo
558 1910 618 1952 non
635 1893 769 1971 prodigia
791 1893 842 1954 sed
859 1896 917 1953 iam
932 1902 1061 1964 eventus,

108 1975 304 2055 pestilentiam
321 1977 399 2054 agris
415 1974 541 2051 urbique
555 1975 674 2036 inlatam
694 1974 771 2036 haud
794 1975 881 2036 dubia
902 1979 946 2036 ira
964 1977 1060 2046 deum,

109 2077 182 2138 quos
202 2061 292 2137 pestis
312 2061 374 2121 eius
391 2059 536 2119 arcendae
557 2074 643 2120 causa
663 2057 822 2136 placandos
843 2078 908 2120 esse
924 2061 956 2119 in
976 2058 1060 2120 libris
1077 2076 1097 2124 4

108 2142 243 2204 fatalibus
268 2145 417 2204 inventum
442 2144 487 2202 sit.
529 2143 653 2202 comitiis
681 2143 829 2220 auspicato
854 2159 929 2221 quae
950 2143 1063 2203 tierent

107 2226 261 2303 indignum
283 2226 329 2287 dis
345 2227 439 2286 risum
460 2225 590 2286 honores
611 2223 724 2303 volgari
743 2225 971 2304 discriminaque
990 2243 1061 2304 gen·

107 2311 180 2370 tium
193 2309 343 2370 conlundi.
364 2314 571 2387 praeterquam
583 2309 733 2370 maiestate
744 2311 905 2385 petentium
916 2309 1060 2386 religione
1078 2317 1096 2369 5

108 2395 195 2455 etiam
209 2394 322 2454 attoniti
344 2393 479 2453 homines
502 2393 641 2470 patricios
658 2393 767 2460 omnis,
791 2400 905 2467 partem
925 2409 1060 2468 magnam

104 2477 366 2536 ¹honoratissimum
383 2491 543 2550 quemque,
561 2472 696 2534 tribunos
709 2472 833 2533 militum
845 2473 994 2535 consulari
1007 2492 1060 2551 po·

107 2564 210 2619 testate
221 2575 372 2626 creavere,
385 2557 418 2616 L.
427 2555 573 2616 Valerium
586 2557 711 2617 Potitum
722 2557 855 2634 quintum
866 2557 903 2616 M.
913 2554 1062 2617 Valerium·

107 2641 265 2702 Maximum
283 2640 320 2700 Μ.
336 2640 457 2700 Furium
475 2637 626 2699 Camillum
641 2641 748 2700 iterum
765 2639 797 2698 L.
814 2639 934 2700 Furium
948 2639 1060 2700 Medul-

107 2724 200 2784 linum
210 2724 328 2786 tertium
340 2720 373 2791 Q.
387 2721 541 2784 Servilium
552 2721 721 2784 Fidenatem
732 2723 839 2784 iterum
850 2720 884 2790 Q.
898 2721 1060 2800 Sulpicium

108 2808 294 2869 Camerinum
305 2808 422 2868 iterum.
451 2805 498 2866 his
511 2803 638 2866 tribunis
657 2806 694 2867 ad
709 2806 795 2867 Veios
815 2804 887 2864 nihil
903 2805 1059 2866 admodum
1077 2811 1096 2862 o

105 2889 298 2951 memorabile
308 2887 405 2950 actum
420 2896 471 2950 cst.
496 2894 556 2948 tota
567 2890 610 2949 vis
622 2891 654 2948 in
665 2887 903 2967 populationibus
915 2889 977 2949 luit.
1001 2889 1059 2948 duo
1077 2904 1094 2952 t

1 3041 2 3047 q
106 2974 213 3034 summi
228 2973 435 3052 imperatores,
450 2973 562 3033 Potitus
579 2989 595 3032 a
607 2972 747 3043 Faleriis,
762 2971 900 3035 Camillus
914 2991 930 3032 a
942 2972 1058 3051 Capena

105 3055 231 3135 praedas
245 3057 379 3134 ingentes
395 3072 482 3134 egere
493 3053 573 3116 nulla
584 3055 725 3116 incolmni
738 3054 842 3118 relicta
852 3073 900 3125 re,
918 3056 966 3115 cui
977 3055 1058 3115 ierro

0 3167 1 3202 2
105 3147 156 3200 aut
168 3140 231 3216 igni
245 3140 347 3200 noceri
361 3146 481 3216 posset,

166 3222 224 3284 XV.
259 3221 395 3299 Prodigia
409 3223 528 3283 interim
542 3219 632 3282 multa
647 3225 833 3292 nuntiavere,
853 3238 979 3300 quorum
994 3221 1057 3300 ple·
1077 3233 1089 3283 1

105 3324 213 3384 raque,
231 3315 260 3369 et
275 3306 342 3383 quia
357 3303 464 3383 singuli
476 3313 610 3367 auctores
622 3313 719 3377 erant,
734 3322 839 3384 parum
854 3305 963 3366 credita
974 3322 1058 3384 spre-

1 3412 5 3423 ·
107 3397 208 3466 taque,
225 3398 254 3452 et
265 3391 332 3467 quia
343 3387 476 3450 hostibus
490 3389 637 3458 Etruscis,
652 3407 707 3467 per
719 3407 792 3468 quos
804 3407 836 3450 ea
852 3397 1056 3466 procurarent,

105 3473 277 3551 haruspices
289 3491 348 3534 non
361 3480 453 3536 erant.
483 3474 514 3534 in
525 3489 617 3532 unum
629 3475 759 3534 omnium
769 3490 858 3534 curae
869 3489 969 3533 versae
981 3478 1056 3542 sunt,
1074 3480 1099 3527 2¹
