2572 3956
221 163 261 227 88
350 179 446 221 nmen
460 177 495 218 11.
529 177 599 220 oar.
615 169 659 223 27.
675 168 719 223 28.
751 161 791 236 [a.
806 179 835 220 u.
852 179 878 220 c.
897 168 957 222 259.
975 157 1038 234 ato]

220 324 280 388 lem
295 324 446 386 consulem
460 331 489 387 et
504 325 691 388 ambitiosum
704 325 777 394 rati,¹
791 322 893 402 plebes
908 323 1057 392 fallacem3
1073 321 1176 384 brevi·

185 419 278 486 tque
303 410 439 486 apparuit
463 409 640 486 adaequasse
666 426 735 469 eum
759 407 845 486 Appii
872 406 981 468 odium.
1021 412 1175 468 certamen

220 491 390 554 consulibus
406 491 564 562 inciderat,
585 499 650 552 uter
672 489 821 552 dedicaret
834 490 963 567 Mercuri
983 489 1095 552 aedem.
1125 509 1175 552 se·

220 581 305 636 natus
320 593 337 635 a
356 592 467 636 serem
482 575 518 636 ad
533 574 676 654 populum
694 574 811 635 reiecit:
832 575 891 634 utri
905 591 1008 634 eorum
1025 572 1174 634 dedicatio

220 661 302 720 iussu
316 657 418 736 populi
434 657 499 718 data
514 668 605 728 esset,
626 676 692 718 eum
706 673 845 736 praeesse
862 674 1011 727 annonae,
1027 663 1174 718 mercato·

219 759 287 802 rum
310 741 466 818 collegium
490 743 657 811 instituere,
678 739 819 802 solemnia
839 759 896 820 pro
921 741 1060 820 pontifice
1087 741 1176 802 iussit

186 826 381 903 osuscipere.
414 823 541 902 populus
563 823 778 886 dedicationem
796 825 877 886 aedis
898 823 946 885 dat
968 824 1005 886 Μ.
1024 823 1173 894 Laetorio,

219 908 309 986 primi
328 905 382 985 pili
403 909 584 976 centurioni;
607 907 686 986 quod
708 906 795 969 facilc
814 914 970 987 appareret
984 925 1044 967 non
1061 913 1120 966 tam
1134 905 1174 968 ad

219 990 365 1052 honorem
385 991 463 1061 eius,
486 991 534 1051 cui
555 994 667 1052 curatio
688 989 774 1051 altior
792 991 906 1069 fastigio
929 1009 983 1052 suo
1003 989 1068 1050 data
1085 996 1173 1060 esset,
1267 993 1268 1066 1

219 1073 329 1134 iactum
349 1088 437 1150 quam
451 1074 488 1134 ad
504 1073 656 1136 consulum
678 1075 877 1152 ignominiam
904 1075 1016 1136 saetire
1030 1073 1100 1134 inde
1114 1074 1172 1134 uti·

220 1175 276 1236 que
293 1156 447 1218 consulum
461 1155 535 1219 alter
549 1165 723 1236 patresque,
740 1157 791 1219 sed
805 1156 886 1235 plebi
901 1163 1053 1218 creverant
1070 1157 1172 1226 animi,

221 1247 249 1304 et
269 1240 358 1319 longe
381 1240 437 1302 alia
459 1258 546 1319 quam
570 1243 667 1319 primo
688 1243 875 1302 instituerant
889 1243 933 1301 via
950 1239 1171 1318 grassabantur.

185 1333 202 1386 8
219 1322 376 1403 desperato
392 1326 471 1386 enim
490 1323 644 1386 consulum
661 1331 838 1402 senatusque
857 1323 979 1394 auxilio,
995 1341 1062 1384 eum
1076 1325 1108 1384 in
1125 1324 1173 1384 ius

219 1408 289 1470 duci
309 1406 474 1469 debitorem
493 1408 647 1478 vidissent,
670 1407 801 1486 undique
824 1405 1026 1468 somniabant.
1073 1423 1172 1484 neque

220 1491 372 1552 decretum
394 1491 526 1552 exaudiri
546 1489 675 1552 consulis
693 1509 765 1570 prae
785 1492 909 1569 strepitu
929 1499 958 1552 et
972 1489 1101 1552 clamore
1116 1507 1171 1568 po·

185 1591 202 1644 o
220 1580 304 1644 terat,
318 1589 424 1650 neque,
443 1591 511 1634 cum
526 1574 690 1646 decresset,
713 1575 868 1652 quisquam
882 1572 1113 1652 obtemperabat.
1143 1574 1171 1633 vi

204 1656 375 1736 agebatur,
402 1663 554 1734 metusque
577 1658 672 1719 omnis
693 1664 722 1720 et
739 1657 904 1737 periculum
923 1657 1081 1728 libertatis,
1102 1674 1171 1718 oum

218 1742 250 1802 in
273 1747 434 1818 conspectu
452 1739 582 1802 consulis
602 1740 710 1820 singuli
729 1759 745 1802 a
767 1739 902 1820 pluribus
923 1740 1117 1812 violarentur,
1138 1741 1170 1801 in

170 1835 202 1888 10
220 1823 382 1900 creditores
404 1842 420 1884 a
442 1822 625 1886 debitoribus
640 1831 796 1887 verterant.
826 1842 914 1902 super
931 1823 1004 1886 baec
1020 1825 1108 1885 timor
1124 1825 1170 1888 in.-

220 1907 306 1970 oessit
323 1905 424 1968 Sabini
437 1905 522 1975 belli;
539 1906 704 1985 dilectuque
722 1907 840 1969 decreto
855 1925 942 1969 nemo
958 1924 1066 1968 nomen
1080 1907 1169 1978 dedit,

218 1990 333 2051 furente
351 1991 444 2070 Appio
462 1996 490 2051 et
504 1993 665 2052 insectante
680 1989 869 2052 ambitionem
888 1990 1032 2068 collegae,
1049 1991 1099 2069 qui
1115 2007 1169 2068 po·

217 2071 315 2151 pulari
331 2072 446 2134 silentio
461 2091 525 2135 rem
543 2073 692 2152 publicam
707 2073 861 2153 proderet,
880 2074 958 2147 etad
973 2073 1017 2144 id,
1035 2073 1114 2150 quod
1133 2072 1170 2135 de

219 2157 329 2218 credita
343 2157 469 2233 pecunia
485 2158 531 2216 ius
544 2174 605 2216 non
620 2157 754 2228 dixisset,
769 2157 913 2230 adiceret,
928 2165 960 2218 ut
976 2175 1014 2218 ne
1029 2156 1169 2219 dilectum

169 2261 199 2312 11
218 2239 337 2316 quidem
353 2257 389 2300 ex
404 2246 522 2300 senatus
537 2238 670 2300 consulto
685 2239 823 2303 haberet:
845 2258 906 2301 non
921 2259 985 2302 esse
1002 2247 1101 2302 tamen
1118 2239 1168 2301 de·

218 2329 327 2382 sertam
342 2323 462 2382 omnino
476 2339 541 2382 rem
555 2321 712 2400 publicam,
729 2340 826 2401 neque
836 2325 1002 2402 proiectum
1013 2322 1168 2386 considero

217 2405 390 2483 imperium,
412 2423 445 2466 se
466 2422 558 2466 unum
580 2413 609 2466 et
628 2423 698 2467 suae
721 2413 749 2467 et
769 2413 886 2484 patrum
900 2407 1060 2468 maiestatis
1075 2406 1167 2468 vindi·

169 2505 199 2558 12
218 2506 282 2549 cem
303 2487 377 2548 lore.
408 2505 475 2548 oum
497 2489 700 2550 circumstaret
720 2489 864 2550 cotidiana
880 2489 1035 2551 multitudo
1047 2489 1167 2558 licentia

218 2588 357 2642 accensa,
381 2572 474 2649 arripi
497 2589 589 2631 unum
602 2573 749 2649 insignem
763 2571 869 2634 ducem
884 2573 1061 2634 seditionum
1075 2573 1165 2634 iussit

216 2653 266 2715 ille
284 2670 382 2714 cuma
397 2652 550 2714 lictoribus
565 2657 624 2714 iam
637 2654 813 2726 traheretur,
828 2657 1005 2734 provocarit.
1033 2673 1089 2718 nec
1105 2674 1166 2718 ces·

217 2738 301 2798 sisset
321 2738 523 2815 provocationi
545 2737 663 2808 consid,
684 2740 752 2816 quia
773 2756 833 2800 non
848 2738 971 2800 dubium
988 2745 1050 2800 erat
1063 2737 1166 2816 populi

216 2819 372 2888 iudicium,
394 2819 452 2880 nisi
472 2837 560 2897 aegre
575 2822 647 2882 victa
668 2823 829 2898 pertinacia
844 2821 921 2883 foret
936 2821 1060 2884 consilio
1074 2822 1167 2898 magis

140 2918 143 2922 ·
218 2909 246 2963 et
263 2903 435 2963 auctoritate
454 2904 623 2981 principum
644 2921 730 2982 quam
745 2903 848 2983 populi
864 2904 1008 2967 elamore:
1029 2903 1104 2966 adeo
1119 2922 1166 2966 su·

168 3006 199 3060 13
215 2992 356 3065 pererant
378 2987 468 3046 animi
489 2987 526 3048 ad
547 2987 747 3048 sustinendam
767 2988 914 3050 invidiam.
944 3005 1081 3050 crescere
1098 2988 1166 3050 inde

216 3067 326 3130 malum
344 3069 376 3130 in
396 3068 458 3132 dies
480 3087 540 3132 non
562 3069 740 3132 clamoribus
757 3070 845 3132 modo
870 3073 980 3151 apertis
1000 3072 1068 3143 sed,
1089 3071 1165 3150 quod

215 3151 307 3212 multo
324 3154 520 3230 perniciosius
535 3159 605 3223 erat,
618 3155 783 3216 secessione
796 3153 976 3233 occultisque
991 3153 1164 3232 conloquiis.
1267 3205 1268 3236 ,

215 3235 332 3297 tandem
348 3237 433 3298 invisi
448 3235 530 3316 plebi
545 3235 680 3298 eonsules
697 3240 867 3315 magistratu
882 3237 1006 3309 abeunt,
1027 3237 1166 3300 Servilius

215 3321 335 3390 neutris,
353 3320 464 3398 Appius
477 3319 609 3398 patribus
622 3321 697 3382 mire
712 3328 820 3398 gratus.

181 3415 195 3466 t
256 3401 398 3464 ‘xxviii
436 3403 468 3463 Α.
484 3404 638 3480 Verginius
663 3404 731 3466 inde
758 3412 787 3466 et
812 3403 846 3466 Τ.
867 3405 1002 3468 Vetusius
1030 3401 1164 3466 consula·
1267 3401 1268 3404 ’
