2572 3956
306 193 449 236 urensrr.
475 185 585 240 eard
601 185 628 238 9.
660 177 700 254 [a.
719 175 752 236 O·
766 186 826 242 609.
842 174 904 258 508]
989 227 997 234 -
1033 185 1072 246 tr

120 340 311 420 subrogando
323 340 434 402 moue.
446 349 563 406 oreatus
569 342 620 421 Sp.
627 341 782 404 Lucretius
788 343 900 414 consul,
909 344 960 421 qui
966 361 1074 422 magno
1092 355 1108 405 a

121 433 194 489 naor
208 442 270 487 non
286 425 499 488 sufficientibus
519 427 578 488 iam
593 425 705 488 viribrrs
719 425 756 486 ad
771 425 937 488 consederis
952 445 1074 490 munera

122 508 260 572 obeunda
280 510 359 570 intra
377 526 488 588 paucos
510 510 573 572 dies
589 511 724 570 moritur.
755 509 894 572 suffectus
910 511 941 573 in
955 509 1108 572 lucretio

122 591 221 654 locum
239 591 279 654 Μ.
295 592 433 655 Horatius
455 591 606 655 Pulvillus.
635 593 714 670 apud
734 593 877 669 quosdam
892 600 1007 655 veteres
1023 611 1076 654 au-

121 683 221 738 ctores
236 692 297 738 uon
314 677 431 738 invenio
442 676 613 738 Lucretium
624 675 786 746 consulem,
803 675 896 738 Bruto
908 678 1004 738 statim
1015 677 1075 738 Ho-

121 761 230 822 ratium
248 766 426 836 suggerunt;
447 759 552 830 oredo,
578 760 647 837 quia
670 758 750 820 nulla
766 765 847 838 gesta
866 776 915 821 res
929 761 1076 838 insignem

121 843 227 906 iecerit
240 841 432 912 consulatum,
448 845 592 904 memoria
609 843 803 904 intercidisse.

184 925 321 989 Nondum
338 925 471 988 dedicata
489 934 552 988 erat
565 928 596 986 in
611 925 754 1006 Capitolio
769 926 845 988 loris
860 927 957 990 aedes.
990 926 1075 988 Vale·
1091 937 1109 990 o

120 1012 185 1073 rius
198 1009 395 1087 Horatiusque
410 1008 547 1074 consules
561 1011 667 1080 sortiti
677 1017 749 1072 ‘nter
766 1009 924 1072 dedicaret.
950 1009 1074 1072 Horatio

120 1100 202 1156 sorte
228 1095 338 1161 eventu
367 1092 520 1154 Publicola
543 1094 580 1156 ad
596 1093 762 1156 Veientium
781 1091 892 1154 bellum
913 1094 1073 1171 proiectus.

121 1178 253 1256 aegrius,
272 1193 361 1255 quam
380 1176 501 1254 dignum
522 1184 600 1248 erat,
615 1175 711 1238 tulere
725 1175 835 1240 Valerii
849 1178 1009 1238 necessarii
1023 1178 1074 1238 de·
1092 1193 1108 1242 7

120 1261 298 1322 dicationem
322 1267 382 1322 tarn
399 1259 494 1323 irreliti
517 1259 620 1338 templi
646 1259 768 1322 lloratio
783 1260 857 1320 dari.
886 1260 918 1321 id
938 1259 1075 1322 omnibus

120 1343 217 1406 modis
242 1343 377 1423 inpedire
405 1344 517 1414 conati,
542 1351 698 1423 postquam
726 1342 783 1404 alia
802 1343 912 1404 frustra
932 1350 1075 1422 temptata

122 1435 221 1498 crant,
238 1435 353 1506 postem
367 1429 426 1488 iam
441 1429 554 1490 tenenti
567 1425 684 1488 consuli
699 1426 820 1488 foedum
836 1427 913 1488 inter
928 1428 1075 1506 precatio-

121 1529 192 1574 nem
210 1511 298 1574 deum
317 1512 453 1574 nuntium
466 1512 627 1582 incutiunt,
649 1517 798 1572 mortuum
814 1512 878 1572 eius
893 1509 985 1572 ulium
1000 1529 1074 1580 esse,

120 1595 294 1672 funestaque
309 1593 419 1658 iamilia
434 1595 571 1658 dedicare
586 1613 654 1658 enm
667 1593 810 1674 templum
824 1611 885 1655 non
900 1612 997 1672 posse.
1014 1611 1074 1656 non
1092 1611 1109 1662 8

121 1678 281 1740 crediderit
299 1678 425 1750 iactum,
449 1697 487 1740 an
508 1685 622 1742 natum
643 1679 742 1740 animo
759 1677 879 1739 roboris
897 1679 1000 1747 luerit,
1018 1695 1075 1738 nec

120 1761 245 1823 traditur
260 1768 374 1824 certum
389 1780 444 1825 nec
459 1763 662 1842 interpretatio
678 1768 722 1823 est
735 1761 837 1824 iaoilis.
853 1761 927 1823 nihil
939 1761 1018 1822 aliud
1037 1760 1075 1822 ad

122 1863 190 1907 enm
210 1847 346 1908 nuntium
367 1865 385 1908 a
403 1848 555 1926 proposito
570 1863 704 1916 aversus,
726 1862 813 1922 quam
835 1850 869 1904 ut
889 1845 1012 1906 cadaver
1032 1843 1074 1906 ei-

120 1929 195 1991 ierri
207 1927 333 2000 iuberet,
348 1936 452 1992 tenens
469 1937 584 2008 postem
597 1930 801 2008 precationem
819 1929 935 2006 peragit
949 1935 978 1989 et
992 1927 1074 1989 dedi·
1091 1944 1110 1997 o

121 2019 169 2074 cat
182 2011 334 2090 templum
347 2047 383 2058 -
400 2013 480 2074 Haeo
493 2020 561 2092 post
574 2019 690 2076 exactos
705 2029 792 2089 reges
803 2011 883 2072 domi
894 2011 1075 2088 militiaeque

120 2102 202 2174 gesta
223 2097 320 2175 primo
341 2113 429 2159 anno.
459 2097 531 2159 inde
549 2097 583 2158 Ρ.
598 2095 732 2159 Valerius
746 2097 854 2158 iterum
867 2095 901 2156 Τ.
919 2094 1074 2156 Lucretius

121 2179 349 2242 consulesiaeti.
926 2225 927 2230 1

180 2263 229 2325 IX.
259 2263 320 2325 lam
331 2264 485 2342 Tarquinii
501 2265 539 2328 ad
549 2263 667 2328 Lartem
678 2264 843 2334 Porsinam,
860 2261 1012 2326 Clusinum
1025 2280 1074 2324 re·
1094 2270 1108 2324 l

121 2365 197 2426 gem,
208 2346 408 2427 perfugerant
424 2349 467 2411 ibi
479 2347 630 2411 miscendo
646 2346 802 2410 consilium
814 2364 980 2424 precesque
995 2363 1075 2408 nunc
1170 2393 1174 2398 1

120 2429 262 2501 orabant,
283 2449 322 2493 nc
342 2451 391 2504 se,
410 2432 551 2496 oriundos
566 2451 602 2494 ex
615 2430 761 2500 Etruscis,
778 2429 910 2491 eiusdem
924 2431 1075 2506 sanguinis

120 2516 325 2593 nominisque,
352 2524 472 2594 egentes
490 2513 610 2578 exulare
625 2520 794 2593 pateretur;
821 2530 901 2573 nunc
914 2511 1109 2574 monebanta

121 2599 217 2668 etiam,
232 2615 270 2659 ne
286 2600 430 2662 orientem
444 2617 558 2662 morem
571 2595 702 2677 pellendi
716 2613 805 2674 reges
817 2593 943 2656 inultum
954 2595 1074 2658 sineret

120 2683 190 2744 satis
205 2680 372 2744 libertatem
396 2685 491 2762 ipsam
513 2679 625 2744 habere
644 2679 818 2742 dulcedinis.
845 2679 903 2740 nisi
925 2685 1032 2756 quanta
1047 2680 1109 2742 via

121 2766 253 2826 civitates
281 2783 346 2827 eam
374 2772 525 2845 expetant,
563 2771 642 2826 tanta
670 2780 764 2841 regna
791 2779 878 2840 reges
906 2761 1074 2834 defendant,

120 2849 244 2926 aequari
255 2867 369 2911 summa
383 2850 506 2920 infimis,
521 2847 597 2910 nihil
616 2845 780 2918 excelsum,
795 2844 871 2907 nihil
890 2845 968 2923 quod
985 2863 1074 2925 snpra

120 2938 221 2992 cetera
240 2933 381 3004 emineat,
401 2933 434 2994 in
453 2931 618 2994 civitatibus
638 2931 719 2999 iore:
742 2930 845 2994 adesse
859 2931 948 2999 linem
962 2932 1073 3008 regnis,

119 3015 166 3076 rei
186 3016 264 3076 inter
279 3016 351 3078 deos
363 3015 558 3094 hominesque
574 3013 801 3094 pulcherrimae.
842 3013 984 3084 Porsina,
1006 3023 1109 3074 oumt

119 3113 222 3176 regem
240 3118 306 3162 esse
325 3099 436 3162 Romae
456 3106 519 3162 tum
537 3099 678 3160 Etruscae
701 3098 796 3175 gentis
821 3113 923 3174 regem
945 3095 1075 3174 amplum

118 3181 223 3244 Pusc'm
237 3189 321 3244 ratus
333 3183 458 3244 Romam
473 3182 580 3244 iniesto
599 3181 730 3244 exercitu
744 3180 833 3242 venit
859 3196 920 3239 non
934 3195 1075 3255 umquam

119 3263 191 3326 elias
212 3273 281 3328 ante
301 3272 399 3328 tantus
419 3274 518 3330 terror
532 3271 667 3328 senatum
680 3264 801 3324 invasit:
823 3261 897 3326 adeo
913 3261 1009 3323 valida
1024 3280 1075 3326 res

120 3354 182 3410 urm
193 3347 311 3410 Clusina
323 3358 396 3420 erat,
412 3365 609 3428 magnumque
619 3348 762 3409 Porsinae
772 3363 891 3407 nomen.
907 3363 963 3407 nec
974 3344 1075 3408 hostes

120 3431 208 3492 modo
223 3431 374 3504 timebant,
388 3433 441 3496 sed
455 3438 585 3495 suosmet
606 3431 667 3510 ipsi
678 3430 769 3501 eires,
791 3445 829 3490 ne
843 3429 975 3491 Romana
990 3428 1075 3509 plebs
