2580 3954
114 214 117 219 ,

201 249 204 253 ’
244 282 246 287 ·
284 263 439 306 nrnnnrv.
465 263 536 306 car.
556 255 654 310 1213.
681 243 719 326 [a.
737 244 952 326 Chatti-439]
984 319 989 331 ,
1030 249 1091 310 209

135 414 197 476 cior
211 415 243 474 in
255 431 290 474 eo
302 413 475 490 magistratu
487 412 524 473 ad
536 412 700 475 custodiam
714 411 860 474 libertatis
871 413 988 473 iuturus
1004 430 1092 491 quam

134 498 170 560 ad
185 497 369 558 curationem
382 497 538 556 ministerii
552 497 616 566 sui,
641 515 820 575 quamquam
835 502 986 574 postremo
999 513 1091 556 armo·
1160 517 1168 533 ·

134 600 189 642 nae
210 598 329 660 qnoque
342 578 455 640 levatae
467 581 546 641 haud
558 582 726 641 inmeritam
739 587 769 642 et
782 581 907 658 gratiam
922 586 951 640 et
967 578 1091 656 gloriam

133 665 209 726 tulit.
239 664 373 742 quicum
388 662 488 724 multis
504 665 584 725 circa
599 665 739 725 linitimos
753 662 880 742 populos
894 661 1092 740 legationibus
1109 680 1126 730 q

134 754 214 810 terra
242 748 375 825 marique
398 749 579 826 nequiquam
599 748 711 817 missis,
741 748 798 808 nisi
820 747 900 826 quod
920 765 956 808 ex
973 747 1092 807 Etruria

133 831 212 892 band
226 833 267 891 ita
284 830 409 891 multum
426 831 569 893 frumenti
585 831 739 894 advectum
753 837 813 901 est,
829 830 945 892 nullum
959 845 1092 891 momen·

133 921 196 976 tum
211 911 345 975 annonae
359 914 493 986 lecisset,
513 921 542 976 et
555 913 707 978 revolutus
718 914 755 976 ad
766 915 1016 995 dispensationem
1027 915 1092 974 ino·
1112 925 1143 975 10

132 1001 215 1077 piae,
232 997 367 1077 profiteri
382 999 516 1077 cogendo
531 999 714 1061 frumentum
730 1005 760 1060 et
773 1001 917 1069 vendere,
940 999 1019 1077 qnod
1036 1016 1094 1059 usn

132 1088 287 1144 menstruo
302 1089 488 1160 superesset,
507 1083 730 1162 fraudandoque
743 1089 828 1162 parte
840 1083 939 1144 diurni
953 1081 1013 1142 cibi
1029 1099 1092 1144 ser·

132 1167 214 1236 vitia,
230 1165 415 1227 criminando
430 1166 500 1228 inde
516 1172 545 1227 et
559 1166 716 1228 obiciendo
732 1168 796 1227 irae
810 1165 914 1246 populi
929 1166 1091 1226 frumenta·

132 1250 209 1319 rios,
238 1247 346 1310 acerba
373 1249 566 1328 inquisitione
592 1251 723 1329 aperiret
750 1252 844 1327 magis
873 1267 962 1328 mam
981 1248 1093 1310 levaret

133 1334 280 1412 inopiam,
302 1331 388 1393 multi
403 1351 438 1394 ex
455 1331 544 1412 plebe
558 1352 612 1413 spe
630 1335 738 1396 amissa
751 1335 852 1414 potius
869 1351 957 1411 quam
975 1339 1008 1393 ut
1024 1349 1092 1392 cru·
1113 1349 1142 1402 11

133 1418 284 1479 clarentio·
293 1416 441 1478 trahendo
450 1418 579 1479 animam
593 1416 739 1497 capitibus
751 1415 898 1479 obvolutis
913 1435 946 1478 se
961 1417 993 1476 in
1005 1415 1093 1477 Tibe·

132 1502 190 1564 rim
209 1500 485 1580 praecipitaverunt.

195 1585 271 1646 lllll.
306 1583 382 1646 Tum
404 1585 453 1664 Sp.
471 1583 594 1648 Maelius
618 1603 655 1648 ax
677 1587 809 1664 equestri
833 1585 947 1655 erdine,
979 1591 1012 1644 nt
1035 1583 1126 1648 illisi

147 1667 318 1747 emporibus
346 1669 517 1748 praedives,
552 1686 618 1730 rem
655 1669 759 1731 utilem
792 1669 921 1747 pessimo
948 1665 1092 1745 exemplo,

57 1795 62 1814 .
133 1754 237 1834 peiore
253 1750 377 1814 consilio
394 1757 439 1814 cst
453 1752 619 1830 adgressus.
650 1751 800 1815 tramenta
815 1769 943 1831 namque
959 1769 994 1812 ex
1005 1750 1093 1810 Etru·
1112 1769 1128 1818 2

133 1839 179 1899 ria
199 1837 312 1915 privata
326 1836 453 1914 pecunia
468 1853 524 1914 per
536 1836 688 1916 hospitum
703 1836 915 1914 clientiumque
929 1834 1094 1895 ministeria

134 1925 287 1998 coempto,
304 1937 394 1998 quae,
411 1918 516 1989 credo,
531 1921 596 1998 ipsa
607 1937 657 1981 res
669 1919 706 1980 ad
721 1919 875 1982 leuandam
889 1917 1010 1998 publica
1021 1935 1094 1978 cura

136 2021 285 2067 annonam
298 2002 510 2082 impedimento
525 2003 639 2074 iuerat,
655 2002 828 2082 largitiones
839 2003 981 2064 frumenti
995 2001 1094 2062 lacere

134 2088 276 2155 instituit,
298 2085 477 2166 plebemque
495 2086 553 2154 hoc
568 2104 693 2148 munere
710 2085 883 2157 delenitam,
907 2103 1094 2164 quacumque
1112 2101 1128 2153 3

134 2172 303 2241 incederet,
326 2177 507 2248 conspectus
528 2169 681 2250 elatusque
705 2188 796 2250 snpra
819 2170 940 2232 modum
965 2169 1094 2230 bondrris

134 2255 240 2335 privati
260 2271 363 2316 secum
382 2254 519 2325 trabere,
542 2254 622 2316 baud
646 2253 770 2315 dubium
790 2253 977 2316 consulatum
994 2253 1094 2314 lavore

135 2357 170 2400 ac
196 2356 250 2417 spe
279 2336 521 2417 despondentem.
562 2339 642 2417 ipse,
673 2345 707 2398 ut
726 2345 777 2412 ¹eet
804 2338 963 2414 humanus,
979 2338 1131 2398 animust

134 2420 309 2485 insatiabilis
324 2440 376 2488 eo,
399 2421 477 2500 quod
498 2421 617 2482 fortuna
633 2421 776 2500 spondet,
797 2421 835 2482 ad
857 2421 961 2481 altiora
984 2427 1013 2482 et
1033 2437 1094 2480 non

135 2523 277 2566 concessa
291 2505 414 2566 tendere
430 2511 474 2575 et,
491 2507 630 2584 qnoniam
645 2504 816 2566 consulatus
832 2522 950 2582 quoqne
966 2505 1094 2582 cripien-

136 2589 191 2650 dus
205 2589 305 2649 invitis
318 2587 455 2666 patribus
467 2595 560 2659 essct,
577 2589 614 2650 de
633 2605 727 2667 regno
744 2589 871 2665 agitare:
899 2587 930 2648 id
943 2605 1036 2648 unum
1051 2587 1094 2647 di·

136 2689 228 2751 gnum
238 2677 320 2732 tanto
330 2678 473 2751 apparato
486 2672 679 2734 consiliorum
691 2679 720 2733 et
731 2672 943 2741 certaminum,
959 2671 1038 2750 quad
1048 2672 1093 2730 in·

136 2773 209 2835 gens
240 2755 454 2818 exsudandum¹
472 2763 564 2827 esset,
590 2757 757 2836 praemium
782 2756 856 2816 lore.
894 2755 956 2816 lam
977 2755 1130 2819 comitiae

136 2838 305 2901 consularia
326 2838 491 2909 instabant;
521 2857 668 2920 quaeres
690 2859 758 2902 cnm
781 2839 910 2901 necdum
924 2839 1095 2918 compositis

136 2923 297 2984 maturisve
307 2925 378 2985 satis
393 2923 525 2986 consiliis
540 2925 697 3004 oppressit.
731 2923 836 2985 consul
849 2929 966 2985 sextum
977 2929 1095 2986 creatus
1113 2937 1130 2988 c

136 3005 171 3066 Τ.
190 3001 344 3073 Quinctius
362 3006 558 3085 Capitolinus,
577 3008 698 3069 minime
717 3011 904 3086 opportunus
917 3009 962 3068 vir
976 3007 1096 3068 novanti

137 3107 204 3157 res;
222 3087 337 3168 collega
350 3089 467 3150 additur
479 3092 506 3152 ei
516 3092 646 3170 Agrippa
658 3091 827 3160 Menenius,
844 3092 894 3150 eui
908 3089 1019 3150 Lanato
1033 3095 1097 3150 erat

137 3189 315 3252 cognomen.
348 3180 378 3234 et
393 3172 503 3236 Lucius
526 3175 672 3237 Minucius
691 3174 861 3254 praelectus
886 3191 1020 3234 annonae
1043 3186 1129 3248 seut

137 3257 284 3327 relectus,
302 3273 356 3318 seu
371 3257 468 3336 quoad
483 3276 533 3320 res
543 3266 683 3337 posceret
692 3261 724 3320 in
737 3259 887 3318 incertum
902 3265 1034 3319 creatus:
1050 3258 1096 3317 ni·

136 3340 180 3401 hil
198 3342 277 3402 enirn
292 3347 408 3402 constat
422 3341 479 3401 nisi
494 3342 526 3412 in
545 3341 638 3403 libros
652 3342 760 3404 linteos
778 3346 905 3418 utroque
926 3359 1005 3402 anno
1019 3341 1095 3402 rela-

137 3431 203 3486 tum
215 3426 294 3486 inter
304 3426 493 3502 magistratus
504 3426 648 3506 praelecti
662 3443 780 3487 nomen.
809 3423 859 3484 hic
869 3425 1015 3486 illinnclus
1028 3443 1095 3486 ean·
1113 3435 1131 3485 8

138 3507 207 3570 dem
224 3509 269 3570 rei
285 3507 423 3586 publicae
437 3511 621 3571 curationem
637 3527 742 3588 agens,
759 3525 846 3587 qnam
863 3508 985 3570 Maelius
999 3510 1096 3587 priva·

174 3620 199 3654 n.
213 3621 273 3657 nrvr
287 3621 355 3658 nias
369 3623 388 3657 r.
907 3599 946 3657 lt
