2548 3954
226 221 265 282 32
378 231 473 272 uranu
493 231 512 272 1.
547 219 676 274 canit).
694 220 737 272 30.
769 209 851 286 [au.
869 209 1020 285 odi-114]

227 383 277 460 qui
304 379 517 440 multitudinem
543 375 732 437 traducerent
751 375 882 436 Romam.
918 373 1048 450 legiones
1068 375 1174 436 deinde
1264 406 1265 422 ,

193 465 329 528 aductae
350 463 386 523 ad
401 461 573 522 diruendam
592 458 705 520 urbem.
737 475 812 534 quae
831 456 883 517 ubi
897 459 1045 518 intravere
1065 465 1174 536 portas.

226 546 420 624 non‘quidem
437 545 492 604 luit
510 541 652 603 tumultus
664 541 714 603 ille
729 558 784 601 nec
797 559 897 619 paror,
914 538 1009 618 qualis
1023 548 1174 618 captarum

227 650 290 692 esse
311 629 429 689 urbium
448 626 537 696 solet,
566 643 632 686 cum
664 625 790 686 eilractis
817 626 911 701 portis
932 625 1065 686 stratisve
1084 627 1174 686 ariete

225 715 318 774 muris
337 720 386 772 aut
405 729 473 771 arce
495 711 523 768 vi
537 715 621 787 capta
638 708 749 768 clamor
765 706 879 768 hostilis
893 715 923 768 et
937 724 1041 767 cursus
1056 725 1110 784 per
1124 725 1174 766 ur-

191 795 293 857 ttbem
309 803 488 855 armatorum
503 793 600 852 omnia
619 791 699 852 terro
710 791 885 866 flammaque
896 791 1007 860 miscet,
1024 791 1075 852 sed
1086 789 1174 852 silen-

225 883 298 940 tium
320 881 402 938 triste
420 895 454 937 ac
473 877 559 936 tacita
576 875 722 936 maestitia
737 876 775 933 ita
795 873 893 934 defixit
907 874 1037 933 omnium
1052 876 1173 944 animos,

225 969 256 1022 ut
275 979 346 1039 prae
367 967 445 1021 metu
468 956 565 1027 obliti,
588 959 657 1035 quid
672 957 891 1034 relinquerent,
914 956 984 1034 quid
1001 975 1100 1018 secum
1115 957 1174 1018 ier·

225 1051 305 1113 rcnt,
323 1044 478 1104 deficiente
497 1042 620 1104 consilio
642 1044 860 1120 rogitantesque
883 1039 935 1100 alii
952 1038 1025 1101 alios
1044 1057 1123 1101 nunc
1142 1042 1174 1100 in

225 1126 376 1187 liminibus
396 1132 521 1194 starent,
549 1143 629 1185 nunc
650 1123 810 1186 errabundi
831 1124 933 1184 domos
953 1141 1020 1184 suas
1040 1123 1174 1184 ultimum

189 1210 296 1277 aillud
318 1211 409 1270 visuri
428 1216 667 1288 pervagarentur.
701 1216 733 1268 ut
754 1226 824 1269 vcro
839 1210 897 1267 iam
914 1209 1044 1284 equiturn
1062 1207 1171 1268 clamor

224 1296 305 1356 exire
329 1293 493 1354 iubentium
517 1291 657 1363 instabat,
681 1293 739 1352 iam
760 1292 860 1370 fragor
880 1298 1024 1352 tectorum
1041 1308 1115 1368 quae
1130 1291 1173 1352 di·

220 1375 385 1438 ruebantur
411 1374 520 1436 ultimis
544 1375 626 1435 urbis
649 1374 782 1453 partibus
806 1374 993 1444 audiebatur,
1021 1374 1174 1453 pulvisque

212 1474 259 1521 'ex
280 1458 453 1520 distantibus
477 1457 550 1519 locis
565 1467 647 1518 ortus
668 1456 746 1519 velut
767 1456 845 1519 ntibe
866 1457 982 1518 inducta
1005 1459 1102 1518 omnia
1119 1459 1173 1518 im-

223 1541 361 1620 pleverat,
380 1543 486 1619 raptim
500 1539 606 1616 quibus
622 1542 746 1617 quisque
761 1548 877 1619 poterat
891 1541 982 1610 elatis,
1000 1557 1066 1600 cum
1081 1541 1172 1603 larem

225 1642 258 1685 ac
279 1632 400 1702 penates
419 1630 568 1700 tectaque,
593 1625 625 1683 in
648 1623 754 1701 quibus
776 1630 861 1685 natus
879 1626 1003 1701 quisque
1019 1624 1172 1686 educatus·

224 1725 281 1785 qne
307 1716 391 1776 esset,
419 1706 620 1784 relinquentes
648 1708 776 1778 exirent,
803 1709 861 1768 iam
891 1709 1044 1768 continens
1068 1725 1171 1786 agmen

185 1793 410 1868 bnrigrantium
426 1790 598 1868 impleverat
618 1793 687 1851 vias.
718 1798 759 1866 etx
770 1798 943 1869 conspectus
960 1790 1084 1851 aliorum
1107 1809 1172 1852 mu·

203 1905 204 1908 ¹
223 1881 271 1934 tua
291 1876 479 1936 miseratione
494 1873 659 1952 integrabat
675 1872 827 1942 lacrimas;
853 1891 997 1950 vocesque
1013 1875 1099 1935 etiam
1116 1878 1171 1935 mi·

223 1955 362 2019 secabiles
378 1957 607 2019 exaudiebantur
620 1955 776 2019 mulierum
787 1959 955 2036 praecipue,
975 1975 1040 2018 cum
1053 1956 1170 2020 obsessa
1267 2011 1268 2036 ,

222 2040 258 2101 ab
279 2042 398 2101 armatis
425 2040 532 2118 templa
555 2047 676 2118 angusta
699 2041 897 2118 praeterirent
916 2058 951 2102 ac
972 2041 1051 2102 velut
1070 2049 1171 2120 captos

182 2135 206 2188 d
221 2121 425 2198 relinquerent
438 2123 517 2184 deos.
546 2126 672 2201 egressis
686 2122 791 2185 urbem
805 2123 925 2185 Albanis
939 2124 1088 2186 Romanus
1103 2143 1170 2202 pas·
1267 2123 1268 2126 ’

222 2208 277 2268 sim
299 2205 416 2283 publica
440 2208 611 2285 privataque
634 2207 731 2266 omnia
750 2213 825 2268 tecta
842 2209 984 2284 adaequat
998 2207 1076 2278 solo,
1098 2225 1170 2268 una·

222 2304 279 2366 que
299 2289 372 2349 hora
395 2289 675 2367 quadringentorum
696 2307 840 2350 annorum
862 2308 948 2369 opus,
971 2290 1077 2368 quibus
1097 2291 1169 2353 liba

221 2377 355 2440 steterat,
385 2372 498 2433 excidio
519 2391 553 2433 ac
581 2373 675 2432 ruinis
698 2373 791 2434 dedit:
822 2373 938 2452 templis
959 2381 1058 2435 tamen
1082 2375 1168 2436 deum

223 2487 258 2498 -
280 2455 320 2515 ita
341 2457 418 2516 enim
446 2455 572 2516 edictum
596 2455 632 2516 ab
652 2473 723 2534 rege
739 2457 835 2518 luerat
853 2491 887 2501 -
905 2465 1099 2536 temperatum
1115 2467 1165 2518 est.

192 2548 206 2600 t
283 2537 370 2598 XXX.
399 2538 492 2600 Roma
513 2541 633 2600 interim
652 2541 758 2602 crescit
773 2539 862 2601 Albae
879 2541 988 2602 ruinis:
1003 2541 1168 2619 duplicatur
1201 2569 1204 2578 λ

221 2622 326 2681 civirrm
340 2639 495 2690 numerus3
519 2621 633 2684 Caelius
647 2623 762 2684 additur
783 2622 851 2684 urbi
867 2641 967 2694 mons,
989 2631 1018 2685 et
1033 2641 1091 2701 quo
1108 2625 1168 2685 ire-

219 2705 355 2780 quentius
370 2704 561 2776 habitaretur,
581 2722 645 2767 eam
660 2707 759 2768 sedem
774 2706 876 2768 'lidius
895 2709 994 2784 regiae
1010 2709 1094 2785 capit,
1110 2707 1167 2767 ibi·

185 2789 276 2862 tque
303 2786 407 2856 deinde
434 2787 581 2849 habitavit.
625 2790 775 2866 principes
799 2789 979 2851 Albanorum
1000 2792 1030 2850 in
1057 2797 1165 2868 patres,

218 2875 250 2928 ut
274 2883 310 2928 ea·
328 2886 445 2946 quoque
461 2887 532 2947 pars
553 2872 597 2932 rel
612 2870 748 2948 publicae
763 2881 923 2944 cresceret,
952 2873 1035 2951 legit:
1052 2871 1166 2934 Tullios

219 2950 357 3012 Seruilios
386 2949 536 3020 Quinctios
566 2955 713 3030 Geganiae
742 2955 884 3017 Curiatios
915 2955 1054 3026 Cloelius:
1092 2964 1166 3018 tem·

217 3032 357 3112 piumque
377 3035 473 3095 ordini
495 3035 531 3096 ab
556 3057 587 3098 se
607 3044 693 3098 aucto
715 3040 826 3099 curiam
847 3041 931 3110 iecit,
955 3057 1030 3118 quae
1044 3039 1165 3102 Hostilia

182 3121 310 3194 aesque
336 3117 370 3178 ad
397 3126 513 3196 patrum
540 3127 708 3182 nostrorum
727 3129 853 3197 aetatem
877 3123 1020 3202 appellata
1048 3131 1098 3185 est.
1137 3131 1166 3185 et

217 3209 249 3259 ut
262 3202 391 3261 omnium
416 3203 551 3263 ordinum
571 3203 681 3265 viribus
702 3203 811 3281 aliquid
835 3225 870 3268 ex
885 3225 960 3267 noro
977 3206 1088 3286 populo
1103 3207 1166 3266 adi-

216 3290 348 3354 ceretur,
369 3288 499 3362 equitum
521 3286 622 3348 decem
644 3295 755 3349 turmas
773 3307 808 3350 ex
828 3289 947 3351 Albanis
968 3288 1053 3368 legit,
1073 3289 1165 3368 legio·

216 3382 272 3462 nes·
301 3373 331 3507 ett
352 3376 466 3429 veteres
500 3369 602 3431 eodem
633 3367 836 3450 supplemento
863 3373 987 3454 explevit
1022 3380 1051 3434 et
1074 3391 1165 3434 noras

216 3463 340 3527 scripsi.
