2572 3956
218 185 260 246 74
391 197 487 240 umus
502 195 537 240 11.
570 195 641 240 car.
657 188 707 242 lla
717 185 761 242 12.
791 175 833 256 [c.
848 195 878 236 u.
894 195 921 248 c.
936 173 1000 258 246]

182 364 200 416 a
217 345 335 409 servitia
357 346 446 407 iulide
467 345 696 424 heusingereut„
732 352 762 406 et
776 344 873 405 sciere
888 342 1032 422 perfugae
1046 340 1173 410 iudicio.

217 429 369 508 multoque
389 429 507 508 plures,
528 436 562 490 ut
579 431 611 490 iu
628 446 713 508 spem
727 428 882 488 universae
897 425 1040 506 praedae,
1061 423 1174 486 flumen

182 527 198 576 r
216 515 365 576 traiciunt.
394 514 427 576 P.
442 512 577 574 Valerius
599 513 633 574 Τ.
647 513 834 574 Herminium
855 525 923 572 cum
939 509 1064 571 modicis
1079 509 1174 587 copiis

216 599 254 661 ad
274 598 438 660 secundumn
453 595 582 676 lapidem
598 593 711 659 Gabina
725 597 770 656 via
788 593 937 656 occultum
953 592 1109 654 considere
1128 594 1174 652 iu·

215 682 281 752 bet,
304 683 355 762 Sp.
369 679 508 742 Larcium
525 695 593 742 cum
608 679 744 760 expedita
758 681 908 740 iuventute
923 677 960 738 ad
974 683 1091 757 portam
1106 673 1174 739 Col-

215 765 306 826 huam
320 773 409 836 stare,
428 765 523 827 donec
538 762 632 826 hostis
647 769 832 842 praetereat,
847 761 917 824 inde
934 779 966 824 se
981 759 1119 830 obicere,
1134 776 1173 821 ne

181 857 198 908 Β
216 851 254 912 sit
270 850 307 910 ad
321 848 432 910 llumen
448 848 571 910 reditus.
601 847 757 910 consulum
772 845 847 908 alter
867 846 902 906 Τ.
918 845 1075 907 Lucretius
1087 849 1174 922 porta

215 932 323 995 Naevia
340 949 408 994 cum
423 931 535 1010 aliquot
550 930 709 1011 manipulis
724 929 851 992 militum
867 946 1021 1007 agressus,
1036 928 1101 1006 ipse
1117 927 1173 988 Va·

180 1027 197 1079 t
215 1015 308 1078 larius
322 1014 422 1078 Caelio
436 1023 537 1078 moute
555 1014 694 1077 cohortes
708 1013 838 1076 delectas
853 1013 960 1074 educit.
978 1011 1070 1088 hique
1084 1011 1174 1090 primi

215 1117 382 1179 apparuere
402 1098 490 1161 hosti.
524 1099 695 1161 Herminius
715 1097 767 1159 ubi
787 1093 944 1159 tumultum
966 1095 1074 1165 sensit,
1101 1112 1173 1158 con·

215 1185 310 1245 currit
331 1201 367 1244 ex
388 1183 520 1254 insidiis,
541 1185 694 1261 versisque
715 1183 747 1242 in
765 1181 915 1244 Valerium
934 1179 1068 1241 Etruscis
1089 1185 1171 1256 terga

215 1267 327 1336 caedit;
343 1267 445 1330 dextra
460 1266 601 1346 laevaque
616 1266 687 1328 hine
702 1271 817 1345 aperta
829 1263 942 1328 Collina
952 1262 1036 1325 illinc
1047 1261 1084 1324 ab
1096 1261 1173 1324 Nae·

168 1361 197 1412 10
214 1353 260 1412 ria
283 1349 416 1413 redditus
437 1349 564 1412 clamor:
585 1353 626 1412 ita
641 1352 721 1412 caesi
735 1351 767 1410 in
784 1349 883 1410 medio
898 1347 1100 1428 praedatores,
1119 1363 1173 1408 ne·

215 1453 273 1513 que
294 1435 332 1495 ad
352 1451 482 1512 pugnam
496 1434 609 1498 viribus
621 1453 725 1514 pares,
742 1440 773 1495 et
787 1433 823 1494 ad
838 1433 939 1510 lugam
952 1433 1061 1511 saeptis
1077 1431 1173 1492 omni·

213 1517 269 1579 hus
291 1519 353 1578 viis.
383 1518 510 1595 finisque
531 1517 582 1589 ille
602 1526 661 1579 tam
682 1518 775 1580 effinse
796 1516 939 1596 evagandi
955 1515 1089 1578 Etruscis
1107 1514 1171 1578 luit.

183 1605 195 1654 1
273 1601 335 1663 llll.
360 1599 481 1664 Obsidio
498 1600 1173 1664 eratnihilominusetlrumenticumsumma

215 1687 336 1748 caritate
348 1687 458 1765 inopia,
474 1685 664 1764 sedendoque
676 1692 914 1764 expugnaturum
924 1701 957 1746 se
970 1681 1077 1744 urbem
1089 1699 1173 1760 spem

180 1775 196 1824 2
214 1770 337 1832 Porsina
361 1767 505 1840 habebat,
527 1788 595 1832 cum
618 1771 648 1834 C.
665 1771 779 1832 Mucius
793 1767 967 1832 adulescens
983 1765 1173 1836 nohilis‚.eui

213 1853 368 1932 indignum
389 1853 544 1916 ridebatur
558 1853 701 1934 populum
716 1854 882 1915 Romanum
897 1852 1088 1920 servientem,
1103 1867 1173 1910 cum

213 1937 267 2000 suh
287 1936 409 2016 regibus
430 1945 521 2010 esset,
544 1937 625 2000 nullo
646 1937 726 2000 bello
746 1955 802 2018 nep
823 1936 861 1998 ah
877 1934 1012 1999 hostibus
1033 1933 1101 1995 ullis
1116 1931 1172 1994 ob-

212 2039 327 2083 sessum
340 2040 415 2092 esse,
430 2021 559 2083 liberum
574 2022 702 2084 eundem
718 2021 861 2101 populum
877 2019 914 2082 ab
929 2019 1025 2082 isdem
1038 2018 1172 2080 Etruscis

178 2111 195 2165 a
213 2103 352 2175 obsideri,
370 2121 496 2184 quorum
507 2123 596 2183 saepe
608 2107 756 2166 exercitus
766 2104 922 2166 fuderit-
934 2121 942 2173 ;
953 2105 1170 2181 itaquemagno

213 2188 376 2266 audacique
392 2187 491 2265 aliquo
513 2190 646 2250 facinore
663 2207 728 2250 eam
745 2187 950 2266 indignitatem
963 2185 1171 2248 vindicandam

211 2279 301 2341 ratus,
317 2273 415 2350 primo
433 2288 485 2332 sua
501 2279 606 2351 sponte
622 2279 780 2351 penetrare
797 2273 828 2332 in
841 2271 970 2333 hostium
990 2277 1085 2332 castra
1098 2286 1169 2331 con·

176 2370 194 2420 4
211 2357 321 2423 stituit;
343 2355 414 2416 dein
429 2362 579 2427 metuens,
601 2372 655 2426 ne,
673 2357 700 2418 si
713 2353 869 2418 consulum
881 2355 997 2416 iniussu
1011 2361 1041 2416 et
1056 2354 1170 2433 ignaris

211 2438 350 2500 omnihus
376 2439 449 2510 iret,
476 2439 554 2501 forto
576 2438 779 2518 deprehensus
799 2458 816 2500 a
837 2437 1008 2500 custodibus
1028 2437 1170 2500 Romanis

210 2523 414 2584 retraberetur
435 2528 469 2583 ut
489 2523 658 2602 transfuga,
678 2523 796 2584 fortuna
812 2531 875 2584 nrm
890 2521 974 2584 urbis
989 2523 1103 2585 crimen
1116 2520 1169 2582 ad·

177 2615 193 2667 b
209 2607 359 2678 firmante,
381 2613 516 2668 senatum
529 2607 599 2671 adit.
630 2609 779 2678 „transire
791 2606 946 2670 Tiberim‘
969 2608 1079 2685 inquit,
1096 2622 1169 2684 „pu-

209 2696 280 2760 tres
297 2697 326 2750 et
341 2691 462 2759 intrare,
478 2692 504 2751 si
517 2692 638 2768 possim,
650 2697 745 2752 castra
755 2691 884 2752 bostium
895 2690 971 2762 volo,
983 2707 1044 2752 non
1054 2689 1168 2768 praedo

210 2789 266 2834 uec
281 2772 505 2851 populationum
521 2775 662 2836 invicem
675 2773 769 2836 ultor:
792 2776 902 2845 maius,
918 2777 944 2836 si
963 2774 993 2835 di
1006 2775 1120 2842 iurant,
1134 2773 1168 2832 in

210 2857 308 2916 animo
327 2862 371 2917 est
384 2855 529 2917 lacinus.“
552 2856 719 2935 adprobent
733 2864 842 2936 patres.
859 2857 957 2920 abdito
967 2859 1044 2918 intra
1054 2863 1168 2918 vestem

175 2939 291 3001 clerro
313 2939 520 3017 proficiscitur.
549 2937 602 3002 uhi
618 2959 654 3003 cc
671 2943 767 3012 venit,
789 2943 821 3002 in
843 2942 1059 3004 confertissima
1078 2939 1168 3002 turbe

175 3039 192 3088 ’1
209 3040 304 3102 propo
326 3024 441 3101 regium
458 3024 588 3086 tribunal
609 3026 747 3087 constitit
776 3024 901 3087 ibicum
916 3025 1098 3105 stipendium
1111 3026 1167 3086 ml·

211 3105 311 3168 litibus
327 3106 403 3169 iorte
418 3107 548 3180 daretur,
565 3115 594 3170 et
607 3108 705 3172 scriba
723 3127 791 3172 cnm
809 3126 881 3188 rege
901 3111 1008 3172 sedens
1021 3110 1088 3189 pari
1102 3109 1168 3170 iere

211 3197 316 3252 ornatu
336 3189 426 3253 multa
446 3199 560 3270 ageret,
587 3210 655 3255 eum
674 3193 782 3256 milites
803 3193 889 3272 volgo
909 3194 1038 3264 adirent,
1058 3194 1167 3254 dmens

115 3309 119 3314 -
209 3275 368 3354 sciscitari,
383 3283 449 3336 uter
464 3276 587 3338 Porsina
603 3285 696 3348 esset,
720 3295 759 3340 ne
773 3278 939 3356 ignorando
952 3293 1056 3356 regem
1073 3282 1168 3338 semet

211 3357 275 3435 lpse
298 3359 427 3436 aperiret
447 3359 513 3436 quis
536 3369 627 3432 esset,
648 3379 707 3439 quo
728 3369 841 3424 temere
859 3363 947 3423 traxit
961 3362 1079 3422 fortuna
1095 3360 1167 3420 iaci·
1271 3403 1272 3440 p

176 3445 280 3513 inus,
306 3440 434 3504 scribam
455 3461 510 3522 pro
530 3461 602 3523 rege
627 3443 791 3507 obtruncat.
825 3443 980 3508 radentem
1001 3443 1087 3516 inde,
1108 3459 1166 3522 qus
1271 3443 1272 3478 l
