2580 3954
211 239 274 299 224
368 252 463 292 crena
478 251 521 293 rr.
545 249 614 291 oar.
628 240 671 294 29·
689 241 731 294 30.
756 227 799 325 [a.
814 251 844 289 u.
863 250 889 290 c.
907 230 1036 304 ensem]

180 419 193 470 i
275 399 376 460 XXIX.
405 399 544 461 blessium
555 395 684 478 impetus
697 415 752 477 per
763 402 871 458 stratos
883 396 972 458 caede
984 396 1084 460 hostes
1101 417 1167 461 oum

212 482 301 562 globo
320 483 548 544 fortissimorum
556 484 696 543 iuvenum
709 479 812 542 extulit
827 480 863 541 ad
876 485 972 541 castra
985 480 1169 554 Volscorum,

212 585 288 646 quae
302 567 435 628 nondum
454 571 538 646 capta
556 572 648 628 erant.
676 564 780 627 eodem
796 565 892 625 omnis
907 565 985 626 acies
999 565 1169 627 inclinatur.

177 651 316 713 aconsul
338 651 446 713 effusos
466 669 561 729 usque
592 649 629 710 ad
657 648 765 726 vallum
786 653 961 727 persecutus
985 650 1049 726 ipsa
1075 656 1170 712 castra

211 735 380 813 vallumque
400 734 579 812 adgreditur.
610 733 714 795 eodem
737 739 766 794 et
788 733 912 793 dictator
936 730 992 792 alia
1013 738 1097 810 parte
1121 751 1168 794 co·

211 820 275 899 pias
298 819 442 879 admovet.
475 835 535 878 non
556 818 676 896 segnior
695 817 876 896 oppugnatio
898 821 943 876 est
962 834 1050 894 quarn
1071 834 1171 896 pugna

177 903 317 964 aluerat
349 901 502 963 consulem
527 903 645 979 signum
666 918 785 979 quoque
807 902 885 960 intra
902 898 1011 960 vallum
1033 901 1170 963 iniecisse

157 1033 165 1050 .
210 987 325 1056 ferunt,
349 1003 410 1064 quo
429 985 537 1047 milites
559 987 656 1046 acrius
675 983 825 1054 subirent,
850 983 1073 1062 repetendoque
1087 987 1171 1062 signo

210 1071 338 1149 primam
346 1070 562 1148 inpressionem
574 1071 690 1130 iactam.
715 1075 744 1130 et
756 1067 879 1129 dictator
889 1075 1013 1146 proruto
1026 1067 1170 1129 valloiam

176 1161 194 1210 4
210 1155 241 1215 in
258 1159 354 1226 castra
377 1153 525 1232 proelium
542 1151 693 1216 intulerat.
725 1159 789 1213 tum
805 1151 882 1213 abici
895 1153 1006 1230 passirn
1030 1169 1111 1214 arma
1136 1171 1171 1213 ac

211 1238 280 1300 dedi
293 1237 394 1300 hostes
414 1238 525 1316 coepti;
545 1239 708 1315 castrisque
724 1244 753 1298 et
769 1236 816 1297 his
832 1236 924 1316 captis
939 1235 1040 1298 hostes
1051 1242 1171 1315 praeter

211 1329 363 1384 senatores
385 1339 488 1384 omnes
509 1322 678 1383 venumdati
700 1327 776 1382 sunt.
807 1320 936 1400 praedae
959 1328 1102 1398 pars'sua
1121 1338 1170 1381 co·

211 1404 422 1483 gnoscentibus
437 1405 549 1466 Latinis
567 1412 654 1484 atque
674 1405 810 1466 Hernicis
831 1404 962 1474 reddita,
979 1411 1096 1484 partem
1115 1403 1169 1466 sub

211 1488 294 1550 hasta
310 1489 436 1550 dictator
451 1489 595 1558 vendidit;
613 1490 843 1567 praepositoque
855 1487 976 1551 consule
988 1490 1093 1550 castris
1106 1491 1171 1568 ipse

176 1580 193 1631 o
210 1571 397 1651 triumphans
408 1573 542 1634 inuectus
557 1571 663 1633 urbem
682 1573 826 1633 dictatura
848 1591 880 1634 se
896 1571 1047 1634 abdicavit.
1078 1573 1170 1651 Egre-

211 1657 276 1733 giae
291 1656 454 1717 dictaturae
467 1657 584 1716 tristem
604 1657 780 1717 memoriam
801 1656 928 1726 faciunt,
952 1659 1003 1735 qui
1024 1656 1117 1718 lilium
1133 1655 1168 1717 ab

209 1740 242 1800 Α.
256 1739 416 1810 Postumio,
434 1740 513 1817 quod
524 1741 679 1802 occasione
692 1737 770 1802 bene
780 1740 933 1818 pugnandi
943 1746 1046 1820 captus
1057 1742 1170 1801 iniussu

211 1823 380 1884 discesserit
399 1824 564 1902 praesidio,
582 1825 724 1885 notorem
737 1825 836 1886 securi
850 1841 1025 1902 percussum
1039 1824 1168 1885 tradunt.

175 1920 192 1972 6
209 1923 266 1968 neo
286 1906 359 1968 libet
382 1907 558 1970 credere-
579 1914 608 1969 et
627 1907 698 1969 licet
718 1909 749 1967 in
761 1908 848 1968 variis
870 1907 1058 1986 opinionibus
1074 1942 1123 1978 -,
1141 1917 1171 1968 et

210 1997 385 2068 argumento
403 1997 462 2061 est,
486 1992 565 2070 quod
587 1992 713 2070 imperia
727 1989 888 2061 Manliana,
904 2009 966 2051 non
980 1991 1169 2052 Postumiana

210 2072 357 2153 appellata
373 2075 449 2144 sint;
474 2092 562 2154 quem
578 2077 629 2153 qui
643 2076 727 2154 prior
747 2081 850 2136 auctor
867 2081 927 2135 tam
947 2077 1026 2136 saevi
1042 2074 1170 2154 exempli

209 2158 288 2219 foret
318 2163 518 2236 occupaturus
542 2161 689 2235 insignem
721 2157 838 2218 titulum
862 2156 1043 2220 crudelitatis
1070 2159 1160 2220 luerit

209 2241 373 2320 imperioso
396 2259 514 2320 quoque
531 2241 638 2302 Manlio
655 2259 819 2320 cognomen
833 2243 975 2312 inditum,
1001 2243 1170 2304 Postumius
1274 2283 1275 2296 1

176 2337 192 2386 7
210 2323 291 2386 nulla
308 2325 385 2386 tristi
401 2330 471 2385 nota
486 2333 530 2387 cst
544 2326 711 2404 insignitus.
725 2359 760 2371 ·-
780 2327 831 2390 Cn.
847 2326 939 2388 lulius
951 2325 1053 2386 consul
1066 2326 1169 2388 aedem
1274 2397 1275 2400 Ἴ

209 2407 353 2487 Apollinis
378 2408 499 2480 absente
521 2409 634 2488 collega
651 2411 715 2472 sine
735 2415 815 2470 sorte
840 2410 994 2472 dedicavit.
1025 2415 1114 2488 aegre
1138 2410 1169 2470 id

209 2511 314 2571 passus
330 2490 484 2562 Quinctius
501 2512 570 2555 curn
584 2495 705 2556 dimisso
722 2495 855 2555 exercitu
868 2495 899 2555 in
911 2492 1018 2555 urbem
1032 2493 1168 2564 redisset,

175 2585 192 2637 8
209 2579 389 2656 nequiquam
406 2578 436 2638 in
458 2583 562 2640 senatu
584 2584 628 2641 est
651 2584 840 2657 conquestus.
860 2612 896 2622 —
924 2577 1037 2656 insigni
1055 2578 1169 2656 magnis

209 2659 300 2722 rebus
315 2678 392 2723 anno
404 2661 527 2724 *additur
540 2662 614 2722 nihil
630 2668 694 2724 tum
710 2662 825 2724 adrem
841 2660 1004 2724 Romanam
1018 2662 1169 2740 pertinere

210 2744 319 2814 visum,
344 2745 423 2824 quod
446 2745 717 2824 Carthaginienses,
749 2748 823 2807 tanti
847 2745 947 2808 hostes
970 2745 1080 2816 futuri,
1105 2752 1168 2805 tum
1274 2743 1275 2782 3

209 2829 339 2906 primum
353 2846 409 2907 per
430 2830 590 2893 seditiones
605 2829 773 2891 Siculorum
790 2831 827 2892 ad
844 2831 936 2909 partis
952 2828 1072 2891 alterius
1086 2829 1168 2889 auri-

209 2909 282 2972 lium
296 2913 328 2971 in
345 2911 475 2974 Siciliam
491 2914 654 2976 exercitum
666 2915 822 2976 traiecere.

178 2997 191 3048 i
272 2994 360 3057 XXX.
389 2995 536 3074 Agitatum
549 2999 582 3057 in
597 2996 671 3059 urbe
687 2996 723 3059 ab
742 2997 869 3060 tribunis
882 2996 992 3077 plebis,
1007 3003 1040 3057 ut
1054 2993 1167 3055 tribuni
1274 3039 1275 3082 ᾗ

210 3078 336 3140 militum
356 3079 505 3142 consulari
518 3087 663 3159 potestate
680 3088 870 3150 crementum
895 3099 951 3142 nec
971 3079 1099 3143 obtineri
1112 3096 1168 3157 po·

210 3165 272 3224 tuit.
308 3163 444 3226 consules
458 3165 533 3226 liunt
547 3165 578 3226 L.
597 3166 733 3245 Papirius
750 3165 872 3228 Crassus
883 3165 915 3226 L.
928 3164 1028 3226 lulius.
1052 3165 1167 3240 Aequo·

210 3264 278 3307 rum
296 3248 384 3326 legati
398 3248 504 3310 foedus
521 3249 557 3310 ab
574 3256 680 3333 senatu
695 3268 762 3311 curn
777 3251 921 3328 petissent
936 3256 966 3311 et
979 3267 1035 3328 pro
1047 3246 1168 3308 loedere

211 3330 320 3391 deditio
342 3338 557 3406 ostentaretur,
581 3334 710 3395 indutias
731 3351 877 3394 annorum
903 3339 970 3394 octo
991 3335 1168 3412 impetrave-

175 3419 289 3473 arunt.
327 3414 501 3477 Volscorum
526 3435 575 3479 res
595 3435 687 3496 super
707 3423 857 3495 acceptam
876 3419 908 3477 in
925 3415 1028 3494 Algido
1054 3413 1167 3476 cladem

210 3497 355 3573 pertinaci
371 3501 531 3562 certamine
542 3502 620 3563 inter
634 3503 717 3580 pacis
728 3499 857 3578 bellique
873 3506 1010 3562 auctores
1027 3501 1057 3559 in
1072 3497 1166 3574 iurgia
