2572 3956
290 195 386 240 arene
400 197 435 241 11.
462 197 533 242 ear.
551 191 595 244 25.
610 191 653 245 26.
669 191 713 245 2⁷.
740 184 778 259 [e.
796 183 830 244 0.
844 180 905 265 495]
1033 189 1074 252 87

119 348 258 408 umentes
275 351 343 422 post
361 345 524 409 Pometiam
545 355 674 424 raptam,
695 348 811 409 adeunt.
840 348 886 410 his
907 368 945 411 er
957 357 1075 413 senatus

120 427 256 492 eonsrdto
273 429 339 488 data
353 445 419 507 par,
439 447 509 507 ager
524 430 686 508 ademptus.

182 511 281 573 xxvi.
310 511 469 574 Coniestim
490 519 520 574 et
541 511 643 574 Sabini
657 513 806 576 leomarum
820 517 1009 578 territarere:
1028 524 1075 578 tu·
1094 525 1107 575 1

120 596 230 658 multos
255 596 334 657 enim
352 595 408 656 suit
428 598 525 657 uerius
544 614 633 673 quam
651 595 772 663 mlum.
807 607 894 661 noete
915 601 946 659 in
969 599 1075 661 urbem

122 681 287 740 nuntiatum
320 686 368 741 eet
401 682 563 740 exereitum
595 679 736 741 Sabinum
766 681 1009 760 praedabundum
1038 684 1074 744 ad

121 766 266 826 amonem
284 781 403 826 amnem
422 765 607 842 pervenirem
628 762 671 825 ibi
691 767 802 842 passim
819 766 908 844 diripi
925 773 1013 844 atque
1029 769 1074 828 in·

122 848 210 910 oendt
236 845 329 908 villas.
364 848 471 910 misene
497 847 644 927 extemplo
671 867 708 909 eo
731 867 798 909 eum
820 849 957 910 omnibus
982 853 1109 930 oopiie2

122 933 256 1010 equitum
274 931 307 991 Α.
323 931 504 1004 Postumius,
525 932 719 1014 qui,‚diotntor
739 931 819 1014 bello
839 933 942 994 Latino
963 934 1074 1004 fueram

121 1023 241 1078 secutus
258 1013 361 1075 consul
377 1014 517 1076 Servilius
532 1033 603 1076 eum
617 1014 729 1076 deleota
743 1017 877 1094 peditum
891 1035 989 1079 manu.
1012 1017 1075 1096 ple·
1094 1044 1109 1096 3

122 1116 237 1175 rosque
248 1097 382 1176 palantes
397 1115 490 1175 eques
501 1100 706 1167 o‘neumvenim
736 1117 792 1160 nee
807 1098 973 1163 aduenienti
992 1103 1075 1179 pedi·

122 1191 186 1244 turn
210 1183 320 1259 agmini
334 1182 442 1242 restitit
457 1180 565 1242 Sabina
589 1181 684 1260 legio:
706 1183 777 1246 lessi
796 1201 864 1244 oum
885 1186 991 1246 itinere
1013 1193 1076 1262 tum

123 1264 314 1346 populatione
334 1272 493 1336 nocturna,
517 1283 623 1343 magna
643 1284 713 1345 pars
732 1268 764 1325 in
784 1265 862 1327 uillis
878 1267 988 1346 repleti
1008 1267 1075 1327 oibo

123 1351 262 1425 uinoque
280 1349 328 1408 vix
341 1348 428 1426 ingre
439 1349 525 1426 rpmd
539 1350 613 1410 satin
625 1356 702 1410 esset
713 1350 819 1409 n’mium
834 1348 975 1412 habuere.

184 1433 277 1493 Nocte
292 1450 352 1492 una
362 1431 460 1492 andito
470 1433 661 1510 perforatoque
672 1431 751 1494 bellu
763 1432 882 1504 Sabino,
898 1441 1018 1512 postero
1030 1434 1077 1496 die
1093 1457 1111 1506 «1

125 1515 1077 1678 :turmruitautturdrttmtr

125 1691 180 1746 teo.
215 1701 283 1744 oum
302 1683 406 1761 legatis
420 1681 506 1744 simul
520 1685 668 1744 exereitus
681 1683 887 1744 Auruncorum
906 1683 995 1746 domo
1007 1697 1111 1762 pro-'e

126 1767 310 1830 recluserat
339 1767 423 1828 euius
443 1767 520 1827 lama
539 1767 620 1827 bared.
641 1765 746 1845 procul
769 1769 827 1828 iam
849 1766 889 1827 ab
907 1767 1003 1828 Aricia
1025 1769 1079 1829 risi

127 1858 207 1912 tanto
226 1848 353 1912 tumultu
374 1851 501 1910 concivit
519 1850 682 1920 Eumenes,
710 1858 742 1910 ut
761 1868 817 1912 nee
839 1850 953 1911 eonsuli
974 1851 1078 1912 ordine

127 1941 242 2014 patres,
261 1951 318 1996 nee
337 1940 474 2012 paratum
492 1951 670 2012 responsum
689 1951 770 1994 arma
787 1933 984 1995 mittentibus
997 1951 1079 1994 arma

127 2019 185 2098 ipsi
199 2019 353 2097 repleam
371 2017 442 2078 dare
456 2024 586 2095 possem
614 2017 742 2078 Ariciam
756 2017 864 2078 infesto
880 2018 996 2094 agmine
1010 2018 1078 2087 itur,
1097 2024 1114 2075 tl

128 2119 186 2164 neo
200 2100 304 2180 procul
318 2101 388 2162 inde
408 2117 476 2161 eum
491 2101 638 2164 turmore
659 2102 745 2178 signa
765 2099 880 2161 conlata
904 2099 1079 2178 proelioque

128 2200 187 2246 nne
206 2183 385 2246 debellatum
399 2192 451 2245 est.

188 2267 299 2328 xxvii.
328 2267 414 2328 Fusio
437 2268 583 2328 Auruncis
606 2268 700 2327 victor
725 2275 769 2327 tet
789 2270 867 2328 intra
886 2284 999 2347 pauens
1017 2265 1081 2328 dies
1100 2279 1114 2329 1

128 2349 216 2412 bellio
234 2349 386 2412 Romanus
406 2351 551 2428 premiere
570 2349 699 2410 consulis
725 2350 871 2426 fidemque
893 2356 1012 2411 senatus
1032 2367 1081 2410 ex·

128 2433 282 2516 portabat,
311 2451 379 2493 eum
401 2434 512 2510 Appius
536 2439 567 2492 et
590 2434 675 2494 insite
697 2431 836 2510 superbia
862 2434 977 2502 anime,
1003 2438 1032 2494 ot
1049 2439 1083 2490 nt

130 2517 263 2596 collegae
280 2533 384 2576 venam
404 2515 516 2576 saberet
533 2515 637 2585 fldem,
665 2532 753 2591 quam
779 2515 942 2592 asperrime
967 2520 1083 2591 poterat

129 2603 177 2665 lue
192 2600 228 2661 de
244 2599 364 2661 ereditis
378 2599 512 2676 pecuniis
530 2597 639 2660 dicere.
669 2598 809 2674 deinceps
823 2605 853 2658 et
868 2598 1001 2674 quiante
1014 2597 1083 2656 nexi

130 2684 248 2746 luerent
258 2681 455 2744 oreditoribus
466 2679 666 2753 tradebantur,
683 2688 712 2742 et
723 2679 918 2742 nectebantur
929 2679 987 2739 alii
1004 2678 1084 2757 quod
1100 2687 1118 2736 2

130 2767 184 2830 ubi
201 2768 251 2828 oui
270 2763 355 2826 militi
374 2765 534 2834 inciderat,
555 2763 699 2843 collegam
719 2762 894 2842 appellabat
920 2780 1083 2827 eonoursus

132 2851 170 2912 ad
185 2849 341 2912 Servilium
356 2848 459 2917 tiebat3
481 2847 560 2909 illius
576 2851 722 2926 promissa
736 2845 899 2916 iactabant,
919 2845 963 2906 illi
978 2863 1083 2924 expro-

132 2932 260 2994 brabant
279 2950 332 2995 sna
350 2934 476 3010 quisque
497 2929 568 2994 belli
586 2934 690 2994 merita
709 2932 920 3008 cicatricesque
935 2935 1082 3024 Iaeeeptes.

132 3015 327 3097 postulabant,
343 3023 376 3076 ut
390 3023 440 3075 aut
453 3015 581 3076 referret
594 3017 632 3076 ad
647 3021 788 3084 senatum,
805 3021 855 3074 aut
869 3017 902 3072 ut
915 3011 1022 3072 auxilio
1039 3030 1083 3070 es·

133 3107 179 3163 set
205 3099 308 3160 consul
333 3099 444 3160 nivibus
469 3099 544 3169 suia,
569 3101 730 3176 imperator
750 3095 899 3156 militibus„
930 3092 1119 3156 movebaote

134 3182 286 3248 consulem
307 3183 396 3251 baem
415 3183 467 3244 eed
488 3183 676 3259 tergiversari
691 3197 740 3241 res
756 3177 894 3256 cogebat:
911 3177 1028 3238 adonin
1043 3174 1084 3235 al-

134 3276 228 3328 teram
260 3284 377 3327 eausam
407 3283 468 3326 non
496 3265 609 3342 collega
634 3263 730 3326 solum
754 3277 897 3341 praesepe
927 3265 1002 3329 erat,
1034 3259 1086 3320 sed

50 3413 52 3418 ,
134 3352 230 3410 omnis
245 3351 333 3411 laedo
348 3348 501 3410 nobilium.
530 3351 570 3408 ita
584 3349 714 3410 medium
728 3365 761 3408 se
775 3345 905 3424 gerendo
920 3361 976 3405 nee
990 3341 1086 3422 plebio

135 3434 232 3494 vitam
248 3433 357 3503 odium,
374 3450 430 3494 neo
446 3431 525 3512 apud
538 3441 637 3511 patres
657 3433 780 3510 gratiam
796 3430 874 3490 iniit:
896 3434 995 3508 patres
1013 3423 1086 3485 mol·
1102 3440 1121 3488 n
