2534 3956
200 219 262 282 282
343 231 439 273 ursae
455 231 485 273 v.
514 227 584 272 coa.
598 220 642 276 25.
657 221 700 276 26.
729 207 768 292 [a.
785 231 814 270 u.
828 224 857 276 e.
873 221 933 276 359.
950 212 1012 288 360]

201 381 279 444 etad
296 379 427 460 reliquos
447 377 557 441 similes
580 385 702 440 conatus
722 377 899 440 verecundia
923 379 986 438 irae
1010 377 1159 444 obstabat,
1258 363 1259 416 l

166 464 339 528 ldamillus
358 463 520 525 identidem
542 461 679 524 omnibus
703 461 777 523 locis
796 459 1053 524 contionabundus
1075 462 1161 524 baud
1254 508 1257 517 .

154 611 157 616 .
199 551 393 626 miremort,
410 548 441 608 id
458 547 578 626 quidem
593 564 671 616 esse,
687 546 789 607 furere
805 546 965 614 civitatem,
984 565 1059 624 quae
1074 547 1161 606 dam·
1249 596 1252 611 ,

199 640 266 694 nata
281 633 340 692 voti
356 633 488 692 omnium
507 649 608 692 rerum
625 631 773 709 potiorem
788 647 891 690 curam
907 631 995 707 quam
1010 628 1160 706 religione

165 729 182 780 o
199 735 231 779 se
248 714 416 778 exsolvendi
430 713 552 784 habeat,
568 713 643 774 nihil
660 713 697 774 de
713 711 880 775 conlatione
896 712 996 773 dicere
1008 715 1093 792 stipis
1107 731 1161 774 ve·
1250 751 1261 802 p

198 801 262 862 rius
277 817 366 876 quam
383 799 540 868 decumae,
556 799 674 876 quando
688 816 722 858 ea
740 817 772 858 se
789 798 914 876 quisque
927 797 1064 875 privatim
1081 795 1160 857 obli·
1260 809 1261 832 ¹

165 885 327 961 agaverit,
352 881 495 943 liberatus
515 884 553 942 sit
571 881 716 961 poprdus:
740 883 889 943 enimvero
912 879 985 941 illud
1005 899 1037 943 se
1056 887 1161 942 tacere
1255 882 1258 891 '

198 984 282 1028 suam
297 967 509 1027 conscientiam
525 983 586 1026 non
600 965 676 1045 pati,
699 965 779 1043 quod
795 983 831 1026 ex
854 983 888 1026 ea
907 970 1021 1025 tanturn
1036 964 1160 1044 praeda,

199 1069 274 1130 quae
286 1067 387 1113 rerum
403 1051 584 1112 moventirun
599 1051 651 1118 sit,
669 1049 800 1116 decuma,
810 1049 997 1125 designetur,
1013 1047 1097 1108 urbis
1114 1057 1160 1108 at-

198 1153 256 1215 que
271 1136 335 1214 agri
349 1136 441 1214 capti,
458 1152 533 1213 quae
548 1140 578 1196 et
591 1135 654 1213 ipsa
669 1139 737 1194 voto
753 1134 954 1201 contineatur,
976 1135 1161 1193 mentionem

164 1236 179 1284 't
198 1218 309 1280 nullam
324 1219 399 1280 fieri.
431 1236 506 1278 cum.
524 1236 557 1279 ea
578 1218 751 1296 disceptatio
770 1233 880 1294 anceps
898 1217 1014 1277 senatui
1028 1217 1089 1276 visa
1106 1215 1161 1276 de-

197 1302 292 1380 legata
314 1302 350 1363 ad
370 1301 526 1382 pontifices
549 1307 643 1370 esset,
663 1299 794 1362 adhibito
813 1298 935 1361 Camillo
955 1299 1049 1360 visum
1066 1298 1160 1360 colle·
1251 1371 1254 1381 *

197 1388 260 1464 gio,
287 1386 365 1463 quod
387 1387 450 1446 eius
469 1392 537 1446 ante
560 1390 738 1462 conceptum
757 1389 858 1443 votum
872 1382 1038 1444 Veientium
1053 1383 1161 1444 luisset

197 1476 227 1530 et
245 1476 427 1548 postratum
442 1470 473 1528 in
488 1473 664 1546 potestatem
678 1465 783 1547 populi
793 1465 920 1526 Romani
933 1466 1075 1536 venisset,
1093 1469 1159 1528 eius
1257 1537 1258 1547 χ

163 1577 179 1628 3
196 1560 311 1632 partem
327 1551 481 1612 decumam
494 1549 624 1629 Apollini
638 1569 753 1612 sacram
769 1569 843 1612 esse.
875 1552 915 1611 ita
930 1551 962 1610 in
978 1552 1159 1612 aestimatio*

196 1654 266 1697 nem
281 1633 353 1696 urbs
368 1651 498 1713 agerque
512 1635 600 1695 venit.
628 1636 754 1713 pecunia
776 1653 812 1695 ex
832 1634 948 1695 aerario
970 1642 1110 1712 prompta
1130 1643 1160 1696 et

196 1719 323 1780 tribunis
345 1717 471 1780 militum
491 1716 714 1788 consularibus,
738 1725 772 1778 ut
795 1734 901 1778 aurum
923 1735 959 1778 ex
983 1721 1016 1778 ea
1038 1735 1158 1782 coeme-

195 1811 276 1874 rent,
299 1803 449 1880 negotium
470 1802 578 1864 datum.
613 1805 696 1863 cuius
714 1820 782 1862 cum
803 1801 887 1881 copia
904 1819 965 1861 non
982 1809 1073 1871 esset,
1094 1821 1157 1864 ma·

195 1893 320 1956 tronae,
330 1885 463 1948 coetibus
477 1885 514 1946 ad
535 1904 599 1947 eam
613 1904 678 1946 rem
696 1883 919 1947 consultandam
935 1883 1058 1956 habitis,
1074 1905 1154 1948 com·

195 1971 278 2031 muni
295 1971 415 2032 decreto
430 1969 579 2048 pollicitae
595 1968 723 2030 tribunis
737 1967 865 2029 militum
883 1975 992 2030 'aurum
1011 1976 1041 2030 et
1057 1972 1157 2031 omnia

160 2065 177 2118 9
195 2061 367 2114 ornamenta
387 2071 442 2114 sua
467 2055 498 2113 in
520 2056 669 2115 aerarirun
689 2051 866 2115 detulerunt.
900 2059 984 2130 grata
1006 2071 1040 2114 ea
1060 2069 1111 2114 res
1126 2063 1159 2114 ut

195 2154 271 2216 quae
283 2138 411 2199 maxime
425 2140 540 2198 senatui
554 2154 695 2214 umquam
715 2137 786 2206 fuit3
807 2135 1013 2215 honoremque
1034 2135 1072 2197 ob
1091 2156 1157 2199 eam

194 2221 427 2282 munificentiam
443 2220 543 2280 ferunt
557 2221 700 2281 matronis
714 2219 865 2290 habiturn,
879 2227 913 2280 ut
928 2219 1042 2299 pilento
1057 2221 1094 2282 ad
1110 2240 1157 2282 sa-

146 2315 177 2367 to
194 2322 245 2365 cra
258 2302 418 2382 ludosque,
435 2305 585 2382 carpentis
599 2304 673 2365 festo
685 2304 877 2383 profestoque
890 2309 1056 2365 uterentur.
1080 2323 1157 2384 pou·

194 2388 264 2449 dere
280 2385 455 2466 absingulis
471 2389 537 2448 auri
558 2394 681 2467 accepto
703 2389 932 2465 aestimatoque,
956 2393 990 2448 ut
1009 2391 1157 2467 pecuniae

167 2520 171 2528 .
193 2470 394 2542 solverentur,
419 2477 567 2534 crateram
582 2490 702 2534 auream
719 2471 785 2533 lieri
800 2470 927 2550 placuit,
952 2488 1028 2549 quae
1044 2471 1156 2534 donum

192 2554 320 2634 Apollini
334 2553 464 2634 Delphos
482 2563 662 2635 portaretur,

145 2656 174 2708 11
217 2687 221 2695 .
255 2637 347 2700 Simul
362 2637 398 2698 ab
410 2638 557 2716 religione
572 2642 686 2701 animos
701 2640 897 2709 remiserunt,
913 2639 1063 2717 integrant
1076 2640 1155 2700 sedi·

192 2725 304 2784 tionem
317 2721 431 2784 tribuni
444 2721 558 2802 plebis;
571 2725 713 2784 incitatur
731 2722 887 2784 multitudo
906 2724 938 2783 in
954 2740 1056 2784 omnes
1071 2725 1155 2802 prin·

144 2818 175 2869 12
193 2807 289 2885 cipes,
305 2813 373 2868 ante
389 2804 462 2867 alios
476 2808 507 2866 in
531 2806 699 2870 Camillum:
724 2825 791 2868 eum
805 2805 948 2885 praedam
963 2806 1154 2868 Veientanam

192 2887 371 2967 publicando
391 2890 601 2968 sacrandoque
620 2890 657 2951 ad
678 2889 805 2950 nibilum
827 2888 988 2968 redegisse.
1017 2888 1156 2952 absentes

193 2972 332 3033 ferociter
358 2973 528 3051 increpant;
558 2975 775 3052 praesentium,
804 2991 872 3034 cum
900 2992 933 3034 se
963 2973 1042 3034 ultro
1070 2975 1155 3035 iratis

144 3065 175 3118 ta
193 3055 350 3128 offerrent,
370 3056 578 3118 verecundiam
595 3057 715 3120 babent
748 3056 836 3118 umal
857 3056 972 3118 extr-abi
986 3075 1051 3119 rem
1066 3076 1154 3120 exeo
1257 3067 1261 3098 ·³

191 3157 269 3202 anno
284 3140 435 3211 viderunt,
449 3140 585 3204 tribunos
596 3141 693 3221 plebis
707 3139 817 3202 latores
828 3140 902 3218 legis
916 3142 949 3200 in
966 3158 1077 3202 aunum
1088 3159 1154 3202 eos·

168 3299 169 3302 ¹
193 3225 261 3286 dem
282 3225 428 3286 reficiunt
459 3232 489 3287 et
503 3232 602 3304 patres
618 3225 676 3287 boc
692 3224 822 3286 idem-de
840 3223 1091 3286 intercessoribus
1109 3222 1154 3286 le·

192 3308 237 3385 gis
253 3307 357 3369 adnisi.
386 3309 424 3369 ita
437 3307 550 3369 tribuni
566 3307 663 3388 plebis
678 3325 784 3386 magna
801 3313 932 3386 exparte
943 3307 1023 3369 idem
1037 3308 1153 3369 resecti.

160 3389 290 3460 1xxv1.
321 3391 453 3454 Comitiis
477 3391 666 3453 tribunorum
688 3391 814 3453 militum
836 3398 936 3469 patres
958 3409 1073 3452 summa
1094 3409 1154 3469 opo

192 3473 454 3545 eviceruntmtlll.
471 3474 579 3537 Furius
591 3474 729 3538 Camillus
744 3480 907 3536 crearetur.
936 3473 1151 3554 propterbell.
1260 3513 1261 3516 =
