2580 3954
267 160 270 164 Ι
295 219 391 262 omna
406 219 449 264 ιι.
474 219 543 262 car.
559 212 603 265 59.
617 211 660 266 σο.
688 200 726 282 [a.
745 202 779 263 O.
793 214 853 268 407.
868 204 930 282 too]
1027 209 1088 272 253

131 364 228 428 nebus
245 365 381 434 Ecetrasc
403 383 589 444 quacumque
606 369 772 439 incessere,
794 365 851 428 late
868 368 1001 446 populati
1021 375 1123 434 sunta

20 495 25 502 .
130 457 207 511 tecta
223 466 383 527 agrosque,
399 455 432 509 ut
449 449 623 511 distinerent
637 449 772 520 Volscos;
788 450 912 520 Fabius,
934 451 1012 527 quod
1027 469 1088 512 ma·

130 533 209 593 xime
224 532 395 611 petebatur,
414 532 451 593 ad
468 532 569 593 Anxur
584 534 813 612 oppugnandum
835 535 899 594 sine
916 532 975 594 nlla
992 551 1087 612 popu·

130 614 240 676 latione
264 615 397 676 accessit
426 615 527 676 Anxur
545 617 601 676 luit
621 633 695 693 quae
715 634 795 678 nuno
813 617 990 678 Tarracinae
1010 625 1122 689 cunti

130 697 204 758 urbs
217 715 311 775 prona
324 699 356 758 in
370 696 501 796 paludes
527 697 564 760 ab
577 717 611 760 ea
621 707 705 778 parte
716 699 825 761 Fabius
839 702 1088 778 oppugnationem

130 779 266 842 ostendit.
298 781 518 842 circummissae
532 789 670 860 quattuor
684 782 822 844 cobortes
838 783 948 844 oumC
964 783 1087 844 Servilio
1105 793 1121 844 5

129 862 221 935 Abala
239 880 306 924 curn
319 865 512 926 inminentem
528 866 598 926 urbi
613 865 719 928 collem
735 869 897 946 cepissent,
915 885 950 928 ex
965 864 1032 926 loco
1046 865 1087 927 al·

71 947 74 952 '
129 947 220 1016 tiore,
238 963 294 1024 qua
306 945 419 1007 nullum
435 953 499 1009 erat
510 949 704 1029 praesidium
722 951 834 1028 ingenti
849 948 979 1012 clamore
993 967 1028 1010 ac
1041 956 1087 1010 tu-

129 1029 224 1090 ιιιιιιιιι
241 1031 387 1092 moenia
378 1047 521 1092 mrascre
551 1032 588 1094 ad
610 1049 698 1110 quern
716 1032 872 1093 tumultum
893 1032 1121 1110 obstupefactio

128 1114 180 1192 qui
196 1113 335 1175 adversus
349 1113 474 1174 Fabium
488 1113 594 1176 urbem
609 1115 739 1176 infimam
752 1114 912 1176 tuebantur
925 1115 1023 1177 locum
1035 1115 1085 1178 de·

124 1196 200 1257 dere
219 1194 313 1258 scalas
334 1196 523 1264 admovendi;
548 1195 696 1275 plenaque
717 1198 847 1260 hostium
867 1206 972 1260 cuncta
993 1205 1085 1269 erant,

130 1286 159 1340 et
172 1279 284 1338 inmitis
304 1279 354 1340 diu
374 1277 479 1340 caedes
496 1281 608 1358 pariter
628 1279 802 1358 fugientium
823 1299 858 1342 ac
877 1283 1085 1353 resistentium,

129 1367 309 1422 armatorum
326 1368 413 1439 atque
427 1363 586 1424 inermium
599 1363 662 1424 init
698 1364 879 1464 cogebantur
893 1366 992 1443 itaque
1007 1366 1084 1435 victi,
1103 1377 1116 1426 ι

129 1445 198 1523 qnia
216 1443 388 1506 cedentibus
411 1447 476 1526 spei
496 1445 538 1506 nil
556 1454 633 1516 erat,
658 1463 788 1526 pugnam
810 1449 901 1519 inire,
928 1466 996 1509 cum
1015 1467 1085 1527 pro·

128 1529 293 1589 nuntiatum
312 1537 452 1607 repente,
472 1547 511 1590 ne
535 1530 601 1608 quis
623 1538 742 1611 praeter
767 1537 896 1592 armatus
917 1532 1084 1603 violaretur,

128 1609 274 1690 reliquam
295 1630 413 1674 omnem
432 1612 648 1676 multitudinem
667 1613 860 1676 voluntariam
881 1615 960 1676 exuit
978 1617 1083 1684 armis;

128 1712 255 1774 quorem
267 1695 304 1756 ad
323 1695 474 1758 duomilia
489 1704 518 1758 et
534 1698 687 1776 quingenti
702 1699 758 1758 ιιιι
769 1699 933 1776 capiuntur.
956 1705 1085 1759 ecetera
1102 1710 1119 1762 8

127 1779 238 1858 praeda
253 1778 360 1840 Fabius
376 1779 499 1841 militem
516 1779 669 1850 abstinuit,
689 1781 784 1842 donec
800 1779 931 1858 collegae
952 1781 1085 1842 venirent

129 1861 165 1923 ab
188 1861 248 1922 illis
270 1879 387 1940 qnoque
408 1862 586 1924 exercitibus
605 1869 723 1943 captum
739 1865 840 1926 Anxur
860 1863 995 1926 dictitarm
1009 1877 1118 1934 esset

128 1946 179 2023 qui
196 1951 311 2006 ceteros
326 1944 447 2007 Volscos
462 1964 479 2006 a
500 1946 649 2025 praesidio
666 1947 730 2006 cius
746 1946 805 2007 loci
820 1948 1000 2008 avertissent.
1033 1947 1084 2024 qui
1103 1956 1134 2007 ιο

129 2027 180 2089 ubi
203 2035 362 2099 venerunt,
393 2029 534 2108 oppidum
560 2036 659 2090 vetere
684 2029 803 2090 fortuna
827 2028 999 2108 opulentum
1023 2036 1084 2091 tres

129 2112 276 2174 exercitus
291 2113 450 2192 diripuere.
487 2129 579 2190 eaque
593 2113 722 2192 primum
737 2111 904 2191 benignitas
924 2115 1081 2192 imperato·

127 2213 194 2256 rum
208 2185 326 2274 plebem
340 2196 472 2276 patribus
488 2195 660 2257 conciliarit

189 2279 327 2340 Additum
350 2279 457 2341 deinde
479 2281 610 2340 omnium
633 2278 759 2340 maxime
779 2280 951 2359 tempestivo
971 2280 1082 2358 princi·
1103 2291 1131 2342 11

126 2381 196 2442 pum
213 2365 245 2424 in
260 2362 476 2433 multitudinem
492 2380 632 2432 munere,
655 2368 688 2422 ut
708 2369 775 2422 ante
793 2365 974 2424 mentionem
993 2362 1083 2423 ullam

125 2447 222 2526 plebis
236 2446 484 2526 tribunorumque
501 2447 675 2506 decerneret
697 2450 832 2515 senatus,
854 2452 887 2506 ut
907 2446 1084 2524 stipendium

126 2529 211 2590 miles
229 2531 266 2590 de
279 2528 399 2606 publice
420 2529 583 2606 acciperet,
607 2543 675 2586 cum
695 2533 762 2586 ante
785 2526 817 2585 ld
837 2533 953 2606 tempus
973 2527 1009 2588 de
1029 2545 1083 2589 suo

126 2614 252 2690 quisque
267 2610 385 2671 iunctus
401 2629 436 2672 eo
451 2627 575 2670 munere
590 2615 677 2670 esset.

186 2693 246 2756 ιιι.
283 2692 363 2755 Nihil
383 2700 536 2773 acceptum
557 2707 697 2769 umquam
720 2710 737 2752 a
759 2691 847 2772 plebe
871 2701 952 2755 tanto
976 2695 1082 2772 gaudio
1102 2707 1115 2756 i

126 2778 261 2840 traditur.
294 2794 473 2838 concursum
488 2777 586 2854 itaque
607 2775 644 2836 ad
660 2777 773 2836 curiam
793 2795 857 2838 esse
871 2786 1083 2856 prensatasque

127 2863 297 2924 exeuntium
312 2878 417 2923 manus
432 2866 461 2922 et
473 2867 574 2939 patres
587 2876 657 2920 vere
672 2858 849 2939 appellatos,
867 2861 1003 2923 ellectum
1018 2879 1082 2923 esse

126 2944 300 3014 latentibus,
315 2951 349 3005 ut
362 2962 449 3006 nemo
463 2961 519 3024 pro
536 2951 595 3005 tarn
614 2944 751 3004 munifica
765 2947 874 3024 patria,
891 2945 986 3006 donec
1001 2947 1082 3024 quic·

127 3045 216 3106 quam
238 3029 344 3088 virium
365 3034 547 3117 superesset,
576 3029 697 3106 corpori
717 3035 766 3089 aut
786 3031 922 3106 sanguini
940 3048 994 3091 suo
1015 3047 1082 3108 par-

126 3119 217 3174 cerel.
254 3128 321 3172 cum
341 3099 532 3173 commoditas
548 3112 675 3180 iuvaret,
697 3129 762 3171 rem
782 3113 955 3172 iamiliarem
980 3111 1118 3176 saltema

127 3197 318 3274 acquiescere
335 3213 370 3256 co
385 3203 534 3275 tempore,
550 3211 608 3272 quo
623 3211 730 3272 corpus
745 3194 892 3256 addictum
909 3202 995 3272 atque
1012 3213 1082 3274 ope·

126 3287 224 3341 ratum
245 3278 447 3358 reipublicae
468 3286 558 3348 esset,
579 3286 656 3347 tum,
679 3277 756 3354 quod
780 3277 858 3339 ultro
881 3278 939 3340 sibi
952 3279 1082 3340 oblatum

129 3370 220 3434 esset,
245 3380 307 3424 non
328 3381 345 3423 a
359 3363 486 3424 tribunis
501 3361 596 3442 plebis
610 3378 749 3439 umquam
768 3364 922 3441 agitatum,
946 3381 1006 3424 non
1022 3363 1082 3424 suis

12 3479 13 3488 ,
127 3447 315 3508 sermonibus
330 3446 535 3526 efflagitatum,
558 3444 588 3505 id
609 3425 755 3506 alliciebat
773 3446 924 3526 multiplex
944 3448 1082 3526 gaudium
