2534 3956
177 263 239 327 284
387 277 484 318 nmen
499 276 529 321 v.
559 276 629 319 oar.
646 267 690 323 at.
717 257 760 336 [a.
775 279 805 318 u,
821 278 847 318 c.
864 257 929 337 360]

145 425 241 492 alere
265 424 426 487 erudiebat.
470 427 496 487 is
517 443 584 486 cum
605 426 728 505 inpare
747 426 919 486 instituisset
937 441 1046 503 pueros
1067 432 1139 486 anto

179 507 283 570 urbem
310 507 392 570 lusus
419 509 637 587 exercendique
667 526 755 570 causa
780 508 965 587 producere,
995 505 1068 568 nibil
1099 526 1138 569 eo

178 611 261 655 more
279 611 334 672 per
354 591 427 654 belli
445 600 562 672 tempus
581 594 750 655 intermisso
771 592 822 652 diu
841 592 930 653 modo
948 590 1136 654 brevioribus

178 676 265 737 modo
281 675 465 755 longioribus
486 678 587 756 spatiis
601 676 745 738 trahendo
764 693 815 738 eos
834 683 965 755 aporta,
988 674 1055 736 lusu
1072 692 1136 738 ser·

176 760 373 840 monibusque
384 761 502 823 variatis
512 759 630 839 longius
640 760 742 830 solito,
761 758 812 820 ubi
823 777 872 820 res
883 759 977 829 dedit,
995 777 1136 837 progres-

178 861 227 906 sus
238 845 315 905 inter
330 845 470 905 stationes
485 861 538 906 eos
553 844 681 906 hostiurn
700 850 855 921 castraque
874 842 944 905 inde
957 841 1090 903 Romana
1104 844 1135 907 in

143 940 159 992 3
177 927 358 1006 praetorium
378 927 415 988 ad
437 926 590 989 Camillum
609 927 765 1006 perduxit.-
790 925 832 987 ibi
856 926 981 989 scelesto
1008 927 1138 988 facinori

142 1025 159 1074 t
177 1009 378 1072 scelestiorem
400 1027 569 1072 sermonem
585 1009 679 1082 addit,
700 1010 839 1072 Falerios·
851 1029 884 1072 se
904 1013 935 1071 in
956 1027 1061 1071 manus
1076 1009 1137 1071 llo·

177 1095 273 1156 manis
292 1093 463 1166 tradidisse,
485 1094 603 1174 mando
627 1113 678 1156 eos
698 1111 826 1175 pueros,
848 1109 976 1172 quorum
995 1101 1137 1173 parentes

143 1191 159 1241 5
178 1177 453 1256 repromiseram
475 1181 548 1250 sint,
570 1181 602 1239 in
615 1185 794 1258 potestatem
806 1177 960 1248 dediderit.
988 1195 1064 1254 quae
1081 1177 1137 1238 ubi

179 1261 317 1324 Camillus
333 1262 454 1333 audivit,
471 1280 552 1334 „non
564 1263 603 1340 ad·
615 1261 761 1324 similem“
779 1263 874 1342 inquit
891 1264 953 1333 „tui
967 1277 1025 1323 nec
1038 1279 1137 1341 popu-

177 1344 239 1406 lum
253 1363 310 1407 nec
326 1348 535 1426 imperatorem
550 1345 692 1408 scelestus
706 1348 769 1426 ipse
785 1363 854 1406 cum
871 1345 995 1408 scelesto
1010 1361 1138 1408 munere

142 1439 159 1493 o
176 1431 289 1491 venisti.
317 1430 405 1492 nobis
416 1447 483 1491 cunr
495 1428 633 1501 Faliscis,
648 1447 724 1508 quae
734 1438 821 1508 pacto
832 1429 1022 1500 lithnmano,
1040 1432 1136 1514 socie·

176 1519 220 1574 tas
234 1530 295 1573 non
310 1521 369 1580 est;
393 1530 481 1590 qnam
498 1515 681 1591 ingeneravit
696 1521 815 1585 natura,
831 1515 991 1592 utriusque·
1002 1522 1046 1576 est
1064 1516 1136 1575 erit·

176 1612 243 1672 que.
274 1604 343 1657 sunt
357 1604 386 1657 et
399 1594 470 1658 belli
484 1598 562 1659 sicut
574 1599 657 1676 pacis
671 1599 751 1668 iura,
769 1599 907 1676 iusteque
916 1615 949 1660 ea
964 1600 1137 1660 nonninus

141 1687 264 1757 'tqnam
283 1680 400 1742 fortiter
422 1679 577 1743 didicimus
594 1699 708 1760 gerere.
740 1699 822 1742 arma
842 1681 987 1744 habemus
1003 1699 1062 1742 non
1083 1683 1122 1743 ad

176 1781 277 1826 versus
303 1783 367 1824 eam
389 1771 526 1837 aetatem,
549 1767 598 1826 cui
620 1766 706 1828 etiam
731 1768 823 1844 captis
846 1764 970 1827 urbibus
992 1767 1127 1845 parcitur

176 1848 228 1908 sed
246 1846 386 1913 adversus
399 1856 527 1911 armatos
542 1857 571 1912 et
589 1851 685 1928 ipsos,
706 1851 758 1926 qui
771 1866 827 1910 nec
841 1847 914 1912 laesi
928 1867 985 1912 nec
1005 1849 1135 1912 lacessiti

141 1929 299 1993 tanohts
325 1939 420 1994 castra
444 1932 576 1994 Romana
601 1935 638 1995 ad
657 1931 745 1995 Veios
766 1941 984 2013 oppugnarunt.
1020 1952 1071 1996 eos
1092 1943 1135 2005 tu,

175 2022 318 2092 qrtantum
333 2019 364 2076 in
379 2023 409 2078 te
423 2016 493 2089 luit,
508 2034 584 2078 noro
599 2016 713 2079 scelere
729 2019 838 2078 vicisti:
866 2033 920 2096 ego
930 2017 1071 2078 li'omanis
1086 2035 1135 2077 ar·

140 2100 158 2153 θ
174 2097 268 2170 tibus,
283 2101 391 2163 rirbrte
408 2117 499 2180 opere
515 2102 619 2173 ermis,
636 2101 812 2163 sicut'Veios
826 2102 972 2162 amcam‘r
1002 2100 1135 2163 denuda·

174 2189 237 2243 tum
257 2182 363 2245 deinde
386 2201 453 2245 enm
468 2183 604 2244 menibus
620 2192 688 2264 post
701 2192 818 2262 tergum
839 2184 968 2264 inligatis
987 2184 1136 2247 reducen-

174 2266 244 2327 durn
257 2266 391 2328 Falerios
411 2268 512 2344 pueris
534 2267 669 2337 tradidit,
689 2269 845 2346 virgasque
857 2270 913 2339 eis,
935 2267 1042 2348 quibus
1063 2285 1135 2348 pro-

98 2353 157 2410 ,ιο
174 2349 300 2411 ditorem
320 2356 443 2428 egerent
461 2351 492 2410 in
512 2350 618 2412 urbem
638 2349 846 2424 verberantes,
875 2352 963 2414 dedit.
997 2352 1034 2413 ad
1055 2351 1134 2428 quod

162 2433 375 2511 spectaculum
393 2451 540 2496 concursu
554 2435 798 2514 populiprimum
809 2437 901 2507 facto,
917 2436 1024 2498 deinde
1039 2455 1056 2496 a
1071 2453 1135 2498 ma·

174 2515 344 2594 gistratibns
359 2517 395 2580 de
410 2535 444 2580 re
460 2535 535 2580 nova
550 2527 652 2580 vocato
668 2527 788 2590 senatu,
803 2527 885 2581 tanta
894 2521 1015 2581 mutabo
1028 2521 1135 2581 antam

174 2607 219 2662 est
230 2602 354 2673 iniecta,
384 2609 417 2662 ut
439 2604 493 2682 qui
509 2602 598 2663 modo
623 2603 735 2664 elibrati
758 2602 830 2664 odio
843 2605 949 2682 iraque
967 2603 1135 2666 Veientium

175 2685 283 2745 exitum
299 2701 394 2763 paene
412 2701 501 2763 quam
512 2685 703 2764 Capenatium
718 2699 823 2766 pacem
834 2686 969 2758 mallent,
986 2688 1069 2767 apud
1082 2705 1135 2748 eos

124 2771 154 2823 11
173 2785 277 2847 pacem
301 2770 438 2830 universa
464 2777 602 2848 posceret
622 2770 731 2831 civitas.
764 2770 838 2832 ildes
852 2769 999 2841 Romana,
1023 2771 1133 2832 itrstitia

173 2853 362 2929 imperatoris
388 2853 419 2912 in
444 2852 510 2913 foro
535 2861 563 2914 et
587 2854 670 2914 curia
691 2852 902 2924 celebrantur:
926 2871 1134 2933 consensuque

174 2935 307 2994 emulum
320 2933 410 3012 legati
424 2935 461 2996 ad
477 2933 631 2996 Camillum
646 2938 678 2996 in
690 2945 788 2999 castra
803 2930 971 3016 atqueinde
984 2938 1132 3018 permissu

173 3015 286 3079 Camilli
301 3015 426 3079 Romam
439 3019 478 3080 ad
493 3025 644 3090 senatum,
665 3021 717 3098 qul
732 3020 875 3083 dederent
889 3020 1038 3092 Falerios,
1060 3038 1130 3100 pro·

122 3099 154 3151 1²
172 3101 354 3164 dciscamtur.
388 3102 551 3164 introducti
572 3102 609 3164 ad
629 3112 763 3166 senatum
788 3107 829 3166 ita
847 3101 938 3167 locuti
957 3106 1129 3168 traduntur·

172 3193 293 3264 „patres
308 3188 485 3266 conscripti,
502 3188 638 3258 neuris,
655 3190 704 3249 cui
718 3207 775 3251 nec
792 3190 865 3251 deus
875 3208 931 3251 nec
945 3190 1035 3252 homo
1052 3191 1130 3268 quis·
1181 3259 1186 3268 ,

172 3285 260 3346 quam
270 3269 413 3341 inrideat,
428 3272 498 3331 victi
515 3270 630 3332 avobis
645 3279 674 3334 et
684 3273 865 3351 imperatore
883 3281 981 3335 restro
996 3273 1132 3335 dedimus

171 3369 227 3412 nos
238 3351 337 3423 robis,
353 3356 425 3424 rati,
442 3371 501 3432 quo
516 3352 589 3415 nihil
600 3355 706 3416 victori
715 3355 940 3437 ptdchriusest,
958 3355 1065 3420 melius
1076 3373 1133 3417 nos

121 3432 153 3484 13
170 3433 224 3494 sub
239 3435 365 3514 imperio
379 3445 478 3499 vestro
494 3453 581 3516 quam
602 3437 718 3518 legibus
732 3443 842 3503 nomris
855 3443 995 3502 victuros.
1026 3446 1132 3503 eventu

170 3516 258 3578 huius
272 3516 343 3580 belli
364 3519 423 3581 duo
438 3520 578 3582 salutaria
594 3522 728 3604 exempla
743 3525 860 3603 prodita
880 3523 1011 3585 humano
1027 3525 1131 3602 generi
