2548 3954
295 203 391 245 nrnnn
408 205 428 244 1.
456 202 525 248 car.
539 194 584 249 47.
609 186 649 264 [a.
671 185 703 246 O.
718 191 847 258 otu-534]
1014 191 1054 251 49

57 399 59 401 -
103 350 231 414 nonsibi
247 349 388 422 defuisse,
406 353 455 412 cui
470 359 560 430 nuptu
575 352 733 421 diceretur,
749 369 805 412 nec
817 369 884 411 cmn
899 369 957 430 quo
969 353 1055 412 tacita
1071 359 1088 410 2

103 437 240 502 serviren
264 433 407 505 defuisse,
424 437 476 512 qui
489 453 522 496 sc
536 453 629 513 regno
647 435 769 513 dignum
782 441 912 512 putaret,
928 437 978 512 qui
992 453 1054 496 me·

102 520 234 579 minisset
247 536 279 578 sc
297 537 362 579 asse
378 518 473 579 Prisci
488 518 631 595 Tarquini
645 517 753 587 tilium,
774 519 825 594 qui
839 517 950 579 babere
968 535 1055 596 quam

102 619 224 680 sperare
242 618 368 678 regnum
382 601 490 662 mallet.
521 603 567 672 „si
582 609 614 662 tu
629 603 655 662 is
670 619 712 671 es,
726 603 774 662 cui
788 608 910 680 nuptam
928 621 992 663 esec
1007 620 1054 662 me
1071 614 1089 668 a

5 721 6 726 κ
101 684 247 754 arbitror,
273 691 302 744 et
316 685 412 744 virum
428 693 457 746 et
472 703 575 763 regem
589 683 721 763 appello:
736 687 782 744 sin
795 686 908 755 miuus,
925 703 961 746 eo
975 703 1054 746 nuuc

101 771 187 847 peius
206 775 315 829 mutata
335 787 385 829 res
408 776 465 840 est,
487 770 566 845 quod
577 770 643 829 istic
666 785 734 828 cum
752 770 866 846 muenia
885 777 930 829 est
946 767 1053 829 scelus.

102 853 174 928 quin
190 852 374 928 accingeris?
400 869 461 911 nou
477 851 529 911 tibi
544 851 580 912 ab
597 851 737 914 Corintbc
751 869 808 912 nec
823 850 859 912 ab
875 851 1052 930 Tarquiniis,
1070 857 1088 907 4

101 943 134 996 ut
152 936 231 1012 patri
250 941 317 1004 tuo,
338 936 496 1012 peregrina
515 953 607 1012 regna
628 933 727 996 moliri
750 952 872 996 necesse
895 941 952 1003 est:
975 935 1006 996 di
1024 941 1055 996 te

100 1026 222 1096 penates
242 1019 389 1096 patriique
409 1025 438 1079 et
457 1020 549 1096 patris
569 1020 666 1096 imago
690 1025 719 1079 et
741 1019 846 1080 domtus
867 1021 948 1096 regia
971 1027 1000 1079 et
1022 1021 1054 1080 in

101 1101 191 1162 demo
204 1100 303 1178 regaie
319 1100 425 1162 solium
439 1108 469 1162 et
482 1119 591 1163 nomen
606 1102 802 1179 Tarquinium.
817 1109 900 1162 creat
912 1109 1054 1178 vocatque

100 1202 212 1262 regem.
244 1191 294 1244 aut
311 1187 337 1244 si
356 1185 393 1245 ad
413 1184 492 1246 baec
508 1203 615 1263 parum
630 1192 674 1246 est
691 1186 797 1254 animi,
816 1185 887 1262 quid
901 1185 1054 1246 frustraris
1071 1189 1088 1240 o

101 1268 266 1328 educent
292 1268 363 1348 quid
377 1275 406 1328 te
422 1276 454 1328 ut
467 1270 583 1346 regium
597 1270 733 1328 iuvenem
749 1269 881 1345 conspici
894 1269 985 1328 sinici
1011 1268 1054 1328 ie·

100 1369 184 1412 cesse
199 1350 270 1411 binc
284 1350 463 1428 Tarquinios
478 1359 529 1410 aut
544 1351 731 1422 Corinthiun,
750 1350 904 1412 devolvere
918 1358 999 1411 retro
1017 1350 1054 1411 ad

99 1435 233 1512 stirpem,
251 1433 351 1495 fratris
367 1433 491 1495 sindbor
506 1451 594 1511 qnam
607 1435 731 1512 pauis.“
750 1433 797 1496 bie
817 1433 941 1514 aliisque
956 1436 1053 1496 incre·
1071 1436 1089 1489 b

99 1517 198 1598 pendo
215 1517 354 1578 iuuenem
366 1519 494 1595 instigat,
509 1536 566 1580 nec
582 1519 795 1595 conquiescere
812 1520 878 1597 ipsa
891 1525 996 1597 potest,
1018 1519 1053 1589 si,

99 1621 168 1664 cum
184 1600 337 1679 Tanaquil,
352 1603 511 1680 peregrina
525 1601 646 1672 mulier,
669 1607 782 1662 tanturm
798 1601 897 1662 moliri
911 1603 1055 1680 potuisset

12 1709 17 1720 ·
98 1687 215 1756 enimc,
239 1692 272 1746 ut
292 1685 350 1745 duc
374 1686 512 1746 continua
535 1702 627 1763 regna
647 1685 710 1754 viro
733 1703 768 1746 ec
785 1685 928 1762 deinceps
943 1702 1054 1763 genero

100 1769 244 1838 dedisset,
263 1770 346 1846 ipsa,
365 1770 448 1846 regio
462 1769 575 1830 semiue
592 1775 671 1839 orta,
694 1768 809 1830 nullum
827 1775 1008 1829 momentum
1022 1769 1054 1828 in

100 1852 201 1914 dando
221 1849 437 1928 adimendoque
457 1869 554 1930 regno
572 1851 692 1913 iaceret.
725 1850 772 1913 bis
794 1850 989 1912 muliebribus
1007 1853 1088 1912 irs-'1

98 1937 223 1998 stinctus
237 1935 322 1994 iuriis
337 1935 515 2012 Tarquinius
529 1935 687 1996 circumire
701 1941 730 1996 et
744 1951 890 2012 prensare
904 1936 1054 1995 minorum

98 2020 226 2078 maxime
246 2020 378 2095 gentium
400 2024 514 2095 patras,
536 2019 696 2080 admonere
718 2019 834 2096 paterni
850 2016 1002 2088 beneficii,
1019 2035 1053 2078 ec

99 2119 155 2180 pro
172 2119 210 2162 eo
226 2103 354 2178 gratiam
365 2108 518 2180 repetere:
537 2100 666 2163 adiicere
682 2101 767 2162 donis
782 2103 918 2168 iuvenem
935 2118 1002 2161 cum
1017 2101 1054 2162 de

98 2203 129 2246 ee
143 2186 276 2262 ingentia
289 2183 459 2263 pollicendo
474 2192 537 2246 tum
550 2186 630 2262 regis
642 2183 816 2245 criminibus
830 2182 968 2244 omnibus
981 2183 1054 2245 locis

99 2285 247 2330 crescere.
279 2274 445 2345 postremo,
468 2275 500 2328 ut
524 2269 584 2328 iam
604 2269 734 2346 agendae
754 2269 800 2329 rei
822 2276 938 2346 tempus
961 2267 1055 2328 visum
1071 2267 1090 2333 θ,

98 2359 157 2421 est,
179 2352 303 2429 stipatus
325 2351 443 2428 agmine
464 2358 643 2412 armatorum
664 2353 695 2410 iu
712 2351 810 2411 iorum
831 2353 951 2430 inrupit.
984 2350 1054 2412 inde

98 2433 237 2495 omnibus
257 2433 402 2513 perculsis
417 2451 525 2512 parcre
545 2436 577 2494 in
596 2435 677 2511 regia
694 2434 764 2496 sedc
779 2452 835 2512 pro
850 2435 932 2494 curia
947 2434 1054 2495 sedens

97 2519 250 2596 patrosin
272 2519 385 2578 curiam
407 2534 462 2594 per
483 2534 662 2594 praeconem
685 2517 722 2577 ad
737 2533 840 2594 regem
861 2516 1055 2593 Tarquinium

99 2602 184 2661 citari
204 2600 297 2662 iussit.
327 2617 492 2660 convenere
514 2599 677 2677 extemplo,
702 2599 753 2660 alii
775 2601 832 2661 iam
849 2606 916 2659 ante
938 2599 974 2658 ad
995 2597 1088 2658 hoco

98 2685 276 2762 praeparati,
291 2683 342 2745 alii
353 2689 443 2752 metu,
459 2701 497 2744 ne
512 2701 573 2742 uon
588 2685 702 2744 venisse
715 2682 812 2744 fraudi
826 2689 912 2752 esset,
927 2683 1055 2742 novitate

99 2784 133 2827 ac
148 2766 292 2828 miraculo
308 2766 423 2828 attoniti
438 2774 467 2828 et
480 2767 539 2826 iam
553 2766 590 2827 de
602 2767 704 2827 Servio
722 2772 819 2827 actum
836 2767 901 2826 rati.
924 2763 967 2824 ibi
981 2764 1053 2825 Tar-
1073 2766 1105 2819 1⁰

100 2851 219 2927 quiuiuc
235 2849 388 2912 maledicta
403 2848 440 2910 ab
456 2851 548 2926 stirpe
559 2848 661 2910 ultima
672 2868 766 2920 orsus,
782 2867 899 2910 servum
910 2865 1053 2926 servaque

100 2941 200 2994 natum
215 2941 418 3012 postmortem
429 2933 580 3010 indignam
593 2935 724 3010 parentis
736 2934 790 3003 sui,
799 2950 860 2992 non
870 2933 1052 3010 interregno,

100 3024 132 3078 ut
145 3025 245 3087 antea,
270 3019 358 3088 inito,
381 3035 442 3078 non
457 3018 584 3078 comitiis
597 3014 719 3085 habitis,
735 3033 795 3076 nou
810 3034 864 3093 per
882 3016 1053 3094 suffragium

100 3101 218 3180 populi,
239 3117 301 3160 non
322 3099 491 3162 auctoribus
508 3099 657 3178 patribus,
681 3099 820 3160 muliebri
835 3099 913 3159 deno
929 3115 1053 3176 reguum

101 3202 269 3263 occupasse.
300 3185 340 3244 ita
353 3191 463 3255 natum,
478 3186 518 3246 ite
530 3190 662 3244 creatum
673 3199 784 3260 regem,
801 3182 946 3242 fautorem
960 3181 1054 3241 intimi
1072 3178 1102 3230 ll

100 3269 218 3344 generis
238 3267 410 3338 hominum,
427 3286 464 3329 ex
480 3285 539 3346 quo
553 3268 617 3345 ipse
635 3268 688 3337 sit,
705 3267 773 3326 odic
787 3264 901 3327 alienae
915 3263 1053 3326 honesta·

99 3352 137 3411 tis
151 3359 285 3429 ereptum
305 3349 489 3431 primoribus
505 3368 610 3429 agrum
627 3350 829 3412 sordidissimo
853 3351 958 3426 cuique
980 3348 1052 3410 diri-

100 3433 188 3502 sisse3
204 3437 301 3495 omnic
317 3453 418 3507 onera,
434 3452 509 3512 quae
526 3435 693 3496 communia
708 3433 858 3513 quondam
870 3431 988 3502 fuerint,
1006 3433 1052 3492 in·
1072 3441 1102 3494 η

82 3541 85 3550 “
133 3546 158 3581 n.
170 3547 230 3583 nrvr
247 3549 316 3584 rann
329 3550 349 3585 1.
879 3521 898 3581 4
