2572 3956
239 243 334 285 ornan
350 243 386 286 11.
413 243 484 284 car.
499 235 544 289 65.
569 223 609 306 [a.
623 221 730 305 0.468]
761 243 856 285 nunna
870 243 919 284 ιιι.
996 228 1056 290 125

99 399 187 471 urget
212 409 247 452 ax
270 392 426 470 superiore
449 389 525 452 ioco.
561 392 604 452 sie
624 408 718 470 prope
740 397 893 453 oneratum
917 398 961 452 est
985 391 1056 451 sini·

99 483 194 538 strum
217 473 356 536 Romanis
371 491 485 545 eornu,
509 475 541 535 ni
560 473 758 536 referentibus
771 476 829 535 iam
847 474 970 551 gradum
986 491 1055 533 oon·

99 558 145 622 sul
162 558 344 637 increpando
358 557 445 619 simul
461 559 657 620 temeritatem
672 557 759 620 simul
778 559 923 636 ignaviam
942 557 1056 636 pudore

99 648 211 703 metum
239 644 423 703 excussisset
465 643 604 702 resistere
632 643 729 720 primo
754 639 910 702 obstinatis
935 641 1090 708 mimimo

98 725 223 794 deinde,
252 731 286 784 ut
310 723 477 786 obtinentes
504 723 604 783 locum
629 726 708 784 eires
733 723 915 793 reiecerunt,
947 723 1057 784 audent

99 807 178 868 uiuo
203 807 327 884 gradum
348 807 476 877 inferre,
506 811 536 866 et
558 804 687 866 elamore
709 814 849 867 renovato
872 814 1056 866 commovent

100 893 205 954 aciem.
240 899 303 950 tum
324 905 429 950 rursus
448 891 560 967 impetu
584 897 669 968 capto
690 889 841 951 enituntur
863 896 951 968 atque
969 907 1055 950 exsu-

99 980 206 1054 perant
228 974 411 1051 iniquitatem
438 971 506 1033 loci.
546 974 605 1033 iam
631 989 726 1052 prope
755 979 833 1042 erat,
860 974 947 1032 utin
976 980 1090 1033 sum-o

99 1075 181 1118 mum
197 1055 264 1116 olivi
285 1057 386 1134 iugum
412 1055 584 1125 evaderent,
611 1073 679 1116 oum
703 1063 787 1133 terga
810 1055 910 1118 hostes
936 1055 1054 1125 dedere,

100 1140 253 1218 eiiusoqne
273 1155 363 1200 cursu
383 1155 477 1217 paene
501 1140 617 1216 agmine
637 1156 697 1199 uno
717 1139 863 1217 fugientes
885 1148 1055 1217 sequentes·

100 1241 158 1301 que
173 1224 277 1283 eastris
290 1220 432 1283 incidere.
463 1222 494 1280 in
514 1240 549 1283 eo
565 1239 674 1300 pavore
695 1229 790 1282 eastra
804 1223 970 1300 capiuntur.
1005 1223 1055 1300 qui

101 1304 276 1366 Volscorum
300 1305 431 1382 effugere
450 1311 626 1384 potuerunt,
648 1307 766 1367 Antium
787 1312 900 1382 petunt
936 1306 1054 1368 annum

100 1397 130 1450 et
141 1388 291 1450 Romanus
308 1389 454 1448 exereitus
468 1387 582 1450 duetus.
616 1405 728 1467 paueos
749 1389 977 1450 circumsessum
992 1389 1055 1449 dies
1072 1397 1189 1444 'tm-..-

100 1471 217 1534 deditur
239 1470 319 1532 nulla
343 1472 576 1550 oppugnantium
595 1489 670 1533 nora
682 1474 726 1542 vi,
751 1471 803 1533 sed
819 1471 897 1550 quod
912 1472 1056 1542 iaminde

100 1554 138 1616 ab
154 1554 265 1616 inteliei
278 1571 376 1635 pugna
390 1555 552 1634 castrisque
569 1555 683 1616 amissis
695 1554 865 1617 ceciderant
880 1555 979 1619 animi.

475 1847 695 1858 *nm

346 2077 572 2142 rumonim
594 2076 721 2140 LIBRI
748 2075 806 2139 111.

168 2226 311 2280 Sabiona
322 2227 355 2278 de
366 2229 471 2293 agrariis
482 2229 580 2294 legibus
591 2227 671 2278 iueress
697 2227 848 2294 Capitolium
859 2229 891 2280 ab
899 2228 1017 2280 exulibus
1029 2238 1054 2280 et

101 2295 339 2360 semisopcnpetum
344 2295 424 2345 eaesis
435 2295 476 2346 bis
486 2303 616 2360 receptum
622 2303 669 2346 est.
684 2310 776 2346 oenone
784 2295 825 2346 bie
832 2303 960 2346 saturent:
970 2298 1054 2362 priore

100 2362 179 2410 lustro
198 2376 273 2412 oense
290 2367 349 2411 sunt
366 2362 460 2412 civium
476 2361 558 2428 capite
574 2368 674 2412 eentum
697 2371 814 2425 quattuor
832 2362 902 2412 milia
917 2361 1053 2412 Duoxnn

100 2437 202 2492 praeter
214 2429 288 2478 orbos
301 2427 439 2492 orbesque,
457 2429 572 2493 sequenti
584 2427 676 2479 cxvii
692 2429 761 2478 milia
774 2427 920 2478 ccxvnn.
937 2443 994 2478 eum
1006 2430 1051 2479 ud·

99 2509 191 2544 versus
203 2494 306 2559 Aequos
314 2509 355 2544 res
367 2495 433 2544 mole
442 2504 514 2560 geste
526 2504 605 2555 esset,
617 2495 648 2544 Lo
661 2494 792 2555 Quinctius
802 2493 964 2545 Cincinnatus
973 2495 1052 2544 dieta·

100 2569 140 2610 tor
151 2561 246 2620 iactus,
266 2575 323 2611 eum
334 2577 393 2616 mre
402 2563 514 2612 intentos
530 2562 623 2612 rnstioo
641 2562 712 2627 operi
723 2568 804 2621 esset,
820 2561 854 2612 od
865 2560 892 2611 id
902 2562 995 2613 bellum
1005 2576 1051 2627 ge·

100 2628 207 2677 rendum
219 2625 354 2679 eroes'situs
366 2637 413 2678 est.
426 2629 448 2680 is
457 2630 537 2680 victos
545 2627 631 2679 hoste·
642 2629 690 2678 sub
701 2629 789 2694 iugum
800 2627 876 2680 misit.
895 2628 1052 2678 tribunorum

99 2693 181 2760 piebis
194 2709 313 2745 numerus
322 2695 455 2762 ampliatus
469 2704 514 2756 est,
524 2704 552 2745 ut
564 2705 649 2744 essent
658 2696 754 2754 deeem,
766 2693 892 2745 tricesimo
901 2703 973 2746 sexto
985 2709 1052 2745 anno

99 2761 332 2878 tramittit:
343 2761 1053 2895 tibiaptitiitituttitiiittiitittiib

100 2893 160 2942 ullis
172 2893 228 2944 eliis
240 2895 428 2959 magistratibus
437 2897 514 2946 oresti
524 2896 603 2948 altero
614 2904 639 2945 et
649 2897 826 2947 mereamimo
836 2910 905 2947 anno
912 2910 987 2960 quam
999 2895 1050 2946 no-

101 2973 143 3008 mo
155 2960 256 3009 condite
268 2969 328 3022 eret,
341 2969 366 3011 et
375 2973 404 3012 ut
414 2977 430 3010 a
440 2963 543 3028 regibus
554 2963 588 3013 ad
598 2963 724 3023 eonsules,
735 2964 771 3013 ite
779 2978 795 3014 a
804 2964 951 3014 oonsulibus
961 2963 995 3014 ad
1006 2963 1050 3014 de-

100 3026 225 3076 cemviros
237 3027 383 3078 translatum
394 3029 537 3094 imperium.
556 3028 584 3079 hi
596 3029 682 3080 deoem
693 3029 785 3080 tubulis
797 3030 882 3094 legum
893 3029 983 3096 posius
994 3043 1051 3079 eum

100 3092 215 3143 modeste
232 3107 261 3142 se
272 3093 298 3141 in
309 3108 338 3144 eo
350 3095 446 3146 bonore
457 3097 611 3160 gessissent,
625 3105 649 3145 et
662 3096 694 3146 ob
704 3096 731 3145 id
742 3096 768 3145 in
780 3097 884 3146 alterum
896 3111 997 3161 quoqne
1005 3111 1050 3146 an·

100 3174 162 3209 num
174 3159 282 3209 mndem
294 3175 351 3212 esse
361 3163 535 3228 magistratum
542 3165 696 3228 ptoeuiaset,
709 3163 805 3214 ἀιιαῠω
815 3163 908 3214 ratum
918 3163 952 3212 ad
963 3162 1051 3212 desem

99 3227 205 3278 adiectis
210 3241 267 3278 oum
273 3229 678 3294 eomplnminpotenterieoissent,
688 3230 861 3296 magistratum
867 3229 1049 3280 noluemutde·

99 3307 194 3408 gonere
205 3304 230 3345 et
241 3295 376 3346 intertium
383 3311 478 3346 annum
489 3298 656 3356 retinuerunt,
670 3297 750 3348 doner
757 3297 839 3347 inviso
849 3311 935 3347 eorum
945 3295 1050 3362 imperio

119 3375 176 3409 nem
187 3362 277 3412 adtulit
286 3361 365 3412 libido
376 3363 426 3428 Ap.
438 3363 542 3424 Claudii,
554 3365 598 3428 qui
609 3379 667 3413 oum
678 3364 705 3413 in
716 3378 826 3415 amorem
834 3363 962 3427 surguntne
973 3362 1049 3427 virgi-

100 3428 140 3476 nis
152 3427 289 3490 incidisset,
303 3431 438 3480 summisso
446 3431 488 3492 qui
501 3445 556 3480 eam
568 3431 595 3480 in
604 3431 749 3480 servitutem
760 3439 863 3496 peteret,
875 3429 1051 3479 necessitatem

100 3493 165 3556 putri
177 3496 231 3546 eius
241 3497 356 3562 Verginio
368 3497 491 3561 inposuit·
512 3505 584 3562 rapto
596 3512 629 3547 ex
639 3498 745 3547 taberna
756 3499 870 3562 proxime
881 3497 961 3546 cultro
973 3495 1050 3546 iliam
