2580 3954
288 237 383 278 ninus
399 237 447 278 111.
472 236 543 280 cnr.
558 228 601 283 69.
619 227 662 282 7ο.
686 217 726 300 [a.
742 217 777 280 (l.
793 219 855 302 446]
874 229 878 240 “
995 227 1055 290 193

99 389 258 463 insequens
273 385 334 446 dies
351 384 466 446 hostem
481 385 717 466 inconspectum
734 386 829 458 dedit,
849 395 1003 466 castraque
1020 389 1057 450 ad
1074 397 1095 449 9

100 468 277 532 Corbionem
292 470 395 530 castris
409 478 477 530 sunt
491 472 657 534 coniuncta,
688 475 775 534 tertio
796 474 843 534 die
858 489 925 532 oum
941 473 984 531 ira
998 471 1056 533 llo·

99 570 217 622 manos,
238 551 319 622 illos,
341 571 408 614 oum
432 555 539 616 totiens
559 555 768 628 rebellassent,
790 557 971 618 couscientia
995 555 1056 616 cul·

98 655 154 716 pae
165 653 200 696 ao
209 637 375 716 desperatio
386 637 535 708 imitaret,
552 655 635 700 mora
651 640 809 701 dimicandi
823 639 903 700 nulla
917 647 960 702 est
970 641 1055 701 lacta.

162 719 246 780 Lllll.
276 720 310 780 ln
332 721 462 781 exercitu
484 721 617 783 ltomano
633 741 699 786 cum
721 725 778 784 duo
802 723 939 785 consules
960 732 1089 786 essentt

100 810 244 883 potestate
258 804 338 883 pari,
351 804 430 882 quod
444 803 675 868 saluberrimum
686 809 718 867 in
729 808 981 870 administratione
995 826 1057 868 rna·

98 903 224 965 gnarum
246 903 347 948 rerum
369 895 427 956 est,
454 907 566 950 surnma
586 892 705 969 imperii
725 893 906 953 concedente
927 893 1056 971 Agn'ppa

98 989 191 1050 penes
202 969 346 1048 collegam
358 978 435 1042 erat,
452 979 481 1034 et
494 972 643 1051 praelatus
655 974 705 1037 ille
717 975 858 1036 facilitate
874 978 1057 1036 summitten-

98 1055 135 1115 tis
146 1073 179 1116 se
197 1056 319 1116 comiter
333 1055 532 1134 respondebat
546 1060 790 1120 communicando
804 1058 926 1120 consilia
940 1057 1057 1120 laudes·

99 1155 157 1217 quc
172 1145 201 1200 et
217 1139 371 1216 aequando
383 1141 517 1218 inparem
532 1140 597 1202 slhi.
628 1143 659 1202 in
674 1143 738 1204 aoie
754 1141 907 1211 Quinctius
922 1143 1059 1203 dextrum
1075 1148 1092 1198 2

98 1239 207 1292 cornu,
231 1224 360 1301 Agrippa
382 1224 534 1306 sinistrum
553 1226 661 1293 tenuit;
685 1226 735 1305 Sp.
753 1226 901 1286 Postumio
918 1225 992 1287 Albo
1015 1225 1058 1286 le·

97 1316 165 1384 gato
181 1306 267 1368 datur
282 1305 378 1368 media
394 1307 472 1368 acies
490 1307 611 1377 tuenda,
630 1307 758 1386 legatum
774 1308 898 1369 alterurn
913 1309 945 1369 P.
959 1307 1057 1387 Sulpi·

98 1392 176 1452 cium
192 1389 341 1469 equitibus
355 1389 540 1469 praeficiunt.
571 1393 685 1470 pedites
700 1391 736 1453 ab
749 1393 852 1454 dextro
866 1407 960 1454 cornu
973 1409 1057 1470 egre·
1076 1399 1092 1452 t

97 1475 145 1551 gie
163 1490 333 1554 pugnavere
343 1473 422 1534 haud
438 1477 568 1552 segniter
579 1475 785 1537 resistentibus
795 1474 918 1537 Volscis.
947 1477 978 1537 P.
992 1475 1058 1537 Sul·
1076 1485 1092 1532 4

96 1559 193 1637 piolus
207 1575 262 1636 per
277 1557 404 1618 rnediam
423 1557 552 1619 hostium
572 1561 666 1621 aciem
679 1577 746 1621 oum
769 1561 898 1638 equitatu
913 1561 1056 1639 perrupit.

97 1641 177 1702 unde
191 1659 259 1702 oum
283 1641 385 1702 eadem
402 1644 511 1704 reverti
531 1650 632 1721 posset
652 1644 688 1705 ad
711 1661 794 1713 suos,
817 1645 989 1722 priusquam
1004 1643 1058 1704 ho·

96 1727 152 1786 stis
166 1723 300 1786 turbatos
317 1725 439 1787 ordines
460 1726 612 1797 reliceret,
635 1735 718 1805 terga
740 1730 907 1806 inpugnare
928 1727 1058 1787 lrostiunr

96 1811 188 1870 satius
202 1809 296 1870 cisum
308 1815 359 1872 ost.
390 1816 600 1890 momentoque
611 1813 754 1889 temporis
765 1813 797 1870 iu
811 1827 944 1872 aversam
958 1812 1059 1870 incur·

97 1892 189 1954 cando
217 1894 310 1954 aciem
332 1894 453 1972 ancipiti
475 1901 590 1956 terrore
608 1894 789 1974 dissupasset
807 1894 925 1964 hostes,
952 1896 983 1956 ni
1005 1911 1059 1954 sun

96 1979 220 2056 proprio
235 1993 304 2038 eum
321 1976 435 2056 proelio
453 1979 567 2055 equites
584 1977 756 2039 Volscorum
773 1983 802 2039 et
816 1979 986 2057 Aequorum
1010 1995 1058 2037 ex-

97 2067 216 2140 ceptum
231 2059 411 2140 aliquamdiu
428 2062 599 2123 tenuissent.
628 2061 672 2121 ibi
692 2077 762 2122 voro
779 2060 928 2142 Sulpicius
950 2077 1060 2144 negare
1077 2070 1093 2121 t

96 2145 255 2206 annotandi
275 2153 392 2224 tempus
416 2163 496 2216 esse,
521 2147 738 2208 circumventos
761 2144 999 2223 interclusosque
1023 2143 1059 2205 ab

10 2251 14 2268 r
95 2230 159 2290 suis
174 2230 354 2298 vociferans,
374 2229 406 2288 ni
420 2236 557 2306 equestre
572 2229 721 2309 proelium
735 2231 836 2290 conixi
852 2230 932 2290 onrni
946 2230 974 2289 ri
990 2245 1059 2309 per·

95 2313 230 2374 licerent
258 2331 315 2374 nec
330 2312 434 2390 lugere
451 2314 579 2390 equitem
602 2315 752 2392 integrum
768 2313 838 2374 satis
855 2331 936 2375 esse:
968 2312 1059 2372 conli-
1078 2317 1094 2370 o

97 2405 201 2459 cerent
217 2415 309 2476 oquos
323 2398 476 2475 virosque,
493 2415 532 2459 ne
548 2399 614 2475 quis
628 2396 819 2459 reveheretur
834 2398 903 2458 inde
920 2397 956 2457 ad
972 2410 1061 2476 proe-

94 2480 171 2542 liurn
183 2488 233 2541 ant
246 2482 409 2559 integraret
419 2497 558 2564 pugnam.
585 2497 646 2541 non
661 2499 750 2560 posse
761 2479 829 2542 illos
840 2482 981 2541 resistere
993 2478 1060 2545 slhl.

97 2563 207 2643 quibus
221 2565 353 2625 conferta
372 2565 505 2644 peditum
524 2565 604 2626 acies
619 2565 765 2627 cessisset
796 2562 875 2626 haud
896 2563 1095 2624 studiendi

97 2647 181 2710 ribus
196 2648 282 2709 dieta.
307 2649 495 2727 inpressione
506 2666 565 2710 una
576 2653 672 2709 totum
685 2648 847 2727 equitatum
861 2647 983 2718 indere,
1000 2663 1062 2706 ma·

97 2749 186 2810 gnam
200 2733 258 2792 rim
272 2749 307 2794 ox
325 2734 408 2811 equis
424 2733 671 2812 praecipitavere,
696 2734 777 2811 ipsos
797 2746 949 2808 equosque
963 2731 1061 2812 spicu-

97 2816 135 2877 lis
150 2815 318 2879 ccnlodere.
352 2819 378 2877 is
398 2817 465 2878 linis
486 2831 603 2895 pugnae
619 2817 765 2895 equestris
785 2815 849 2876 luit.
878 2822 950 2876 tunc
966 2813 1063 2876 adorti
1080 2823 1097 2876 8

97 2899 232 2978 pediturn
247 2901 340 2961 aciem
356 2902 475 2962 nuntios
490 2900 527 2960 ad
542 2899 680 2962 consules
690 2901 736 2961 rei
747 2906 847 2978 gestae
859 2901 994 2968 mittunt,
1010 2896 1062 2958 ultl

97 2985 158 3042 iarn
172 2981 369 3043 inclinabatur
382 2984 511 3046 hostiurn
525 2985 613 3045 acies.
642 2985 763 3046 nuntius
778 2983 884 3045 deinde
898 2989 928 3044 et
941 2984 1062 3044 sincen-

97 3064 179 3126 tibus
187 3061 333 3128 'Romanis
349 3068 463 3128 animos
478 3068 559 3128 auxit
581 3074 611 3128 et
633 3067 798 3130 relerentes
813 3067 936 3145 gradun
952 3082 1061 3145 percu-

98 3149 132 3210 lit
149 3151 277 3226 Aequos.
306 3151 338 3209 in
352 3151 448 3210 media
464 3153 594 3228 primum
610 3152 673 3212 acie
692 3152 770 3211 vinci
785 3151 897 3229 coepti,
920 3166 978 3227 qua
993 3165 1062 3226 per·
1079 3158 1097 3212 u

98 3233 207 3294 missus
236 3234 381 3311 equitatus
406 3232 576 3297 turbaverat
603 3234 732 3296 ordines.
770 3235 926 3296 sinistrum
956 3231 1063 3294 deinde
1082 3243 1116 3295 to

98 3333 195 3378 cornu
209 3317 246 3378 ah
263 3315 401 3385 Quinctio
422 3315 544 3378 consule
560 3317 632 3396 pelli
649 3326 796 3397 coeptum.
824 3318 855 3376 in
878 3317 982 3379 dextro
996 3314 1062 3396 plu·

98 3401 209 3461 dmum
223 3400 335 3463 laboris
350 3401 413 3463 luit.
443 3399 486 3460 ibi
501 3400 645 3480 Agrippa,
671 3409 766 3464 aetate
779 3400 952 3480 viribusque
966 3400 1062 3468 ferox,

98 3501 168 3545 eum
184 3487 265 3545 omni
282 3493 366 3563 parte
380 3501 498 3566 pugnae
520 3482 626 3546 melius
646 3503 711 3546 rern
732 3486 796 3563 geri
820 3501 908 3562 quam
929 3482 1007 3562 apud
1030 3499 1063 3542 se

137 3597 162 3634 r.
176 3598 237 3634 nrvr
250 3598 318 3636 ruse
331 3601 350 3637 ι.
857 3571 895 3633 13
