2580 3954
270 183 366 224 arens
382 181 426 223 rr.
451 179 521 222 car.
539 173 581 225 ιο.
599 174 641 224 11.
665 157 704 242 [a.
722 160 757 222 0.
774 169 834 224 443.
850 158 912 242 442]
1012 165 1072 226 rot

118 335 188 400 mis,
205 331 261 393 alia
278 331 410 408 undique
424 327 554 399 abscisa,
577 347 645 388 cum
661 335 868 407 temptassent,
889 335 1007 406 praeter
1025 347 1074 390 ce·
1133 339 1134 342 ’

117 425 181 478 tera
202 416 324 476 adversa
346 413 412 473 loco
431 429 548 491 quoque
574 413 676 490 iniquo
698 413 734 472 ad
757 412 886 492 pugnam
911 414 1072 489 congressi,

117 502 266 579 iniquiore
283 498 448 574 adingam,
472 514 540 556 cum
555 495 592 556 ab
610 499 690 556 omni
708 502 792 574 parte
810 496 1021 566 caederentur,
1037 496 1073 556 ad

120 602 223 664 preces
241 601 257 642 a
273 583 434 642 certamine
446 582 524 641 versi
538 580 637 642 dedito
653 581 831 659 imperatore
841 579 1015 658 traditisque
1028 597 1073 640 ar·

118 671 174 728 mis
191 665 245 728 sub
261 667 363 744 iugum
379 665 461 725 missi
473 682 541 724 cum
555 663 678 742 singulis
699 665 882 725 vestimentis
895 665 1074 740 ignominiae

119 752 270 828 cladisque
291 749 373 827 pleni
393 749 588 808 dimittuntur.
625 755 653 808 et
678 765 745 808 cum
772 747 852 808 haud
871 746 977 826 p'rocul
999 747 1109 808 urbes

118 833 248 896 Tusculo
263 833 480 901 consedissent,
491 837 597 902 ,vetere
613 830 849 892 Tusculanorum
862 831 929 891 odio
945 833 1074 893 inermes

119 920 253 997 oppressi
269 917 414 978 dedorunt
428 933 538 994 poenas
561 917 608 975 vix
623 917 733 976 nuntiis
749 915 848 977 caedis
864 915 984 976 relictis.
1016 915 1074 976 llo·
1092 925 1227 978 6....-

117 1019 222 1063 manus
238 999 352 1062 Ardeae
366 998 497 1060 turbatas
512 1000 657 1061 seditione
673 1017 722 1061 res
733 998 920 1079 principibus
933 1001 996 1061 eius
1011 1018 1074 1060 mo·

117 1094 166 1147 tus
180 1087 280 1146 securi
300 1085 450 1164 percussis
465 1082 611 1162 bonisque
627 1101 729 1144 eorum
744 1085 775 1143 in
797 1083 949 1162 publicum
965 1085 1074 1144 Ardea·

117 1171 191 1231 tium
214 1169 343 1230 redactis
363 1168 543 1248 composuit;
574 1168 782 1246 demptamque
810 1168 948 1226 iniuriam
974 1168 1075 1228 iudicii
1129 1238 1132 1243 ,

120 1261 201 1314 tanto
217 1251 362 1314 beneficio
381 1249 485 1330 populi
501 1250 626 1312 Romani
641 1251 783 1312 Ardeates
799 1249 973 1321 credebant,
990 1269 1074 1314 sena·

124 1339 160 1401 tui
175 1353 333 1416 superesse
351 1334 461 1414 aliquid
477 1334 512 1394 ad
529 1334 687 1396 delendum
702 1334 839 1414 publicae
858 1335 996 1396 avaritiae
1012 1353 1074 1396 mo-

118 1423 292 1482 mimentum
307 1418 471 1480 uidebatur.
504 1417 607 1479 consul
622 1418 807 1497 triumphans
823 1421 853 1478 in
872 1417 976 1480 urbem
998 1420 1076 1481 redit
1093 1427 1109 1476 7

119 1504 224 1567 Cluilio
247 1505 322 1566 duce
339 1503 514 1564 Volscorum
536 1509 603 1564 ante
622 1520 742 1562 currum
768 1503 856 1563 ducto
877 1501 1075 1582 praelatisque

118 1587 236 1671 spoliis,
254 1587 361 1668 quibus
380 1587 562 1648 dearmatum
582 1588 744 1648 exercitum
759 1585 888 1647 hostium
903 1586 958 1648 sub
974 1589 1075 1664 iugum

118 1675 246 1734 miserat.

183 1757 340 1835 Aequarit,
363 1754 442 1833 quod
456 1753 535 1814 haud
551 1753 637 1814 facile
654 1761 713 1824 est,
736 1751 891 1822 Quinctius
910 1753 1014 1814 consul
1030 1761 1074 1814 to·
1092 1765 1111 1814 8

119 1847 206 1920 gatus
220 1841 324 1900 armati
345 1837 468 1916 gloriam
489 1836 633 1916 collegae,
657 1855 713 1916 qua
737 1839 915 1898 concordiae
935 1839 1076 1916 pacisque

120 1925 311 1984 domesticam
340 1939 441 1982 curam
465 1922 530 1981 iura
557 1921 665 1982 infimis
690 1923 872 2000 summisque
894 1919 1075 1983 moderando

119 2011 159 2068 ita
176 2009 286 2075 tenuit,
307 2013 341 2066 ut
357 2024 423 2066 eum
443 2011 472 2066 et
490 2012 589 2083 patres
609 2023 745 2066 severum
768 2004 920 2066 consulem
941 2011 970 2065 et
990 2004 1075 2083 plebs

119 2093 189 2154 satis
204 2109 318 2152 comem
336 2089 526 2151 crediderint.
558 2095 588 2150 et
598 2087 738 2151 adversus
754 2087 890 2150 tribunos
902 2090 1076 2150 auctoritate
1093 2102 1111 2152 9
1128 2135 1130 2138 -

119 2175 204 2256 plura
224 2193 312 2254 quam
325 2177 486 2235 certamine
501 2174 604 2234 tenuit.
633 2173 763 2252 quinque
782 2172 952 2234 consulatus
972 2173 1076 2234 eodem

118 2269 223 2321 tenore
246 2260 319 2337 gesti
342 2259 459 2336 vitaque
484 2258 579 2317 omnis
606 2257 802 2318 consulariter
826 2264 889 2318 acta
916 2257 1076 2318 verendum

119 2361 214 2424 paene
229 2345 325 2422 ipsum
341 2343 433 2418 magis
445 2357 532 2419 quam
546 2339 691 2402 honorem
703 2339 859 2402 iaciebant.
891 2359 926 2402 eo
941 2340 1075 2402 tribuno·

119 2445 186 2488 rum
203 2426 373 2487 militarium
388 2424 469 2485 nulla
484 2426 595 2486 mentio
611 2425 657 2484 his
674 2423 845 2485 consulibus
861 2425 923 2483 luit.

183 2510 231 2569 xl.
260 2508 402 2571 Consules
418 2515 521 2569 creant
530 2508 567 2568 ll.
581 2506 705 2568 Fabium
716 2505 893 2567 Vibulanum
905 2507 1075 2566 Postumum
1096 2521 1109 2572 1

119 2593 277 2656 Aebutium
296 2592 491 2654 cornicinem.
524 2590 632 2652 Fabius
649 2598 678 2652 et
692 2590 835 2652 Aebutius
850 2589 1002 2659 consules,
1019 2607 1076 2668 quo
1094 2607 1111 2656 2

119 2679 226 2740 maiori
243 2675 353 2756 gloriae
374 2693 475 2737 rerum
493 2675 572 2736 domi
593 2676 725 2754 lorisque
747 2681 895 2753 gestarum
916 2673 1077 2734 succedere

120 2760 348 2828 secernebant,
372 2761 498 2821 maxime
512 2766 611 2820 autem
635 2757 857 2820 memorabilem
875 2775 984 2819 annum
999 2756 1077 2834 apud

120 2847 260 2906 finitimos
282 2845 379 2905 socios
401 2843 561 2922 hostesque
584 2862 666 2914 esse,
693 2842 772 2921 quod
794 2841 969 2904 Ardeatibus
988 2842 1018 2900 iu
1042 2858 1076 2901 re

120 2929 277 3009 praecipiti
296 2934 376 2988 tanta
397 2929 556 2988 loretcura
578 2927 769 2997 subventum,
795 2945 829 2989 co
851 2927 1022 3006 inpensius,
1046 2931 1111 2986 uto

121 3011 257 3073 delerent
269 3028 392 3089 prorsus
404 3031 438 3072 ex
450 3011 555 3072 animis
566 3010 720 3072 hominum
731 3010 881 3071 infamiam
896 3010 1013 3077 iudicii,
1030 3027 1077 3068 se·

122 3103 208 3158 nattes
225 3094 392 3156 consultum
409 3095 556 3164 lecerunt,
575 3101 623 3165 ut,
640 3095 779 3173 quoniam
793 3095 893 3154 ciuitas
907 3092 1077 3152 Ardeatium

120 3181 261 3243 intestino
274 3177 400 3239 tumultu
412 3179 532 3240 redacta
545 3179 580 3239 ad
597 3197 708 3257 paucos
721 3184 814 3247 esset,
836 3175 933 3238 coloni
945 3193 980 3236 eo
992 3191 1077 3252 prae·

122 3266 187 3326 sirlii
204 3282 292 3326 causa
308 3263 449 3324 adversus
465 3261 588 3323 Vulscos
605 3262 818 3324 scriberentur.
837 3261 894 3321 lroc
916 3258 1014 3338 palam
1031 3276 1077 3319 re·
1095 3269 1112 3318 4

122 3349 213 3409 latum
230 3350 260 3409 in
283 3346 417 3417 tubulas,
440 3354 473 3408 ut
492 3345 609 3426 plebem
630 3346 825 3425 tribunosque
846 3342 960 3404 falleret
978 3342 1078 3403 iudicii

123 3433 311 3493 rescindendi
332 3431 487 3492 consilium
507 3431 622 3490 initum.
667 3435 880 3492 consenserant
905 3433 1019 3494 autem,
1046 3433 1079 3484 nt
