2548 3954
305 197 353 246 DE
370 195 442 246 'rlrt
459 195 545 244 utvu
566 195 648 272 vird
668 197 712 244 ur
727 195 892 246 sompnis,
938 197 1072 246 mxxxix

103 358 149 413 sis
172 355 310 418 enotavit.
332 353 472 428 multaque
492 353 545 413 alia
568 354 600 412 ad
625 354 706 415 buius
721 354 833 414 ‘decadis
859 354 1074 416 emendationem

103 438 261 496 utilissima
273 430 480 512 congessit³¹⁷).
520 436 578 506 Quo
596 438 676 496 modo
693 455 755 496 cum
769 445 881 513 quartae
900 439 1073 514 potissimum

18 549 21 556 ·
104 522 205 580 decadi
226 520 381 580 consultum
403 529 490 586 esset,
510 521 562 580 iam
584 523 664 580 etiarn
692 521 834 581 tertiaeet
854 523 958 597 primae
975 521 1072 580 auxilia

106 614 208 682 parata
226 613 299 664 suut.
331 605 397 664 Nam
411 605 505 664 eodem
519 622 598 670 anno,
612 623 665 680 quo
679 605 852 680 Kreyssigius
869 605 1073 680 bambergensis

105 689 286 749 collationem
305 689 397 753 edidit.
412 688 460 748 lul.
480 689 523 746 dr.
538 683 783 762 Boetticherus³¹⁸l
798 699 827 748 et
841 688 1026 748 blechelslius
1040 706 1072 746 ea
1171 747 1176 752 ,

105 771 255 848 particulis
270 773 430 846 quibusdam
443 773 573 832 Puteanei
597 773 713 837 codicis.
731 774 820 831 denuo
836 791 852 830 a
869 773 1009 834 buebuero
1026 782 1073 832 aut

106 856 217 916 llillero
238 855 359 920 collatis,
384 873 463 932 quam
477 855 560 916 multa
581 856 746 914 adroucvio
766 865 794 914 et
808 856 942 915 Crevieric
961 856 1073 930 cognitu

107 941 195 1014 digna
210 947 240 997 et
254 939 333 998 utilia
351 952 407 998 nen
424 948 533 998 enotata
552 951 655 1004 essent,
671 939 877 1005 intellexeruut,
896 949 924 1000 et
937 939 1073 998 Alschefs-

107 1025 173 1082 laius
194 1041 257 1082 cum
273 1033 302 1082 et
320 1024 548 1084 commentatione
565 1041 645 1099 saepe
663 1033 871 1084 commemorata
886 1033 914 1084 ct
929 1023 992 1083 iibri
1007 1023 1073 1082 xxx

107 1101 293 1180 editioue³¹⁹)
308 1106 393 1165 multe
406 1107 519 1183 optimis
532 1106 671 1168 codicibus
686 1109 775 1166 denuo
790 1109 818 1166 in
829 1107 957 1166 auxilium
971 1109 1072 1166 vocatis

107 1192 249 1250 emendari
265 1207 346 1266 posse
361 1191 520 1267 probasset.
536 1191 569 1249 ad
584 1192 636 1248 bos
653 1190 776 1266 aliosque
792 1191 878 1248 libros
893 1191 1072 1250 conferendos

108 1275 256 1338 Lutetiam.
272 1275 445 1338 Florentiam.
461 1274 646 1332 vindobonam
662 1275 802 1350 proiectus
817 1283 868 1332 est.
899 1274 972 1342 Quae
990 1290 1073 1348 opera

110 1367 245 1434 quantum
269 1359 387 1416 fructum
410 1359 503 1418 tulerit
517 1360 650 1418 nemiuem
665 1359 761 1433 lugiet.
780 1359 826 1434 qui
841 1357 1003 1416 Alschefskii
1015 1356 1073 1414 col·

109 1442 229 1500 usiones
244 1460 305 1500 cunr
315 1441 350 1500 iis
363 1443 567 1518 comparaverit.
574 1443 673 1517 quibus
684 1450 730 1500 aut
738 1441 889 1503 Gronovius
905 1439 1073 1498 autbralien·

110 1526 240 1584 borcbius
255 1543 321 1584 usus
342 1535 399 1590 eat;
422 1543 511 1602 neque
528 1543 689 1602 quemquam
705 1526 765 1584 iore
779 1526 907 1592 arbitror,
924 1526 989 1600 quin
1004 1525 1073 1582 banc

108 1627 203 1668 curam
221 1627 317 1684 magna
338 1609 418 1670 laude
431 1611 539 1685 diguam
558 1611 658 1669 iudicet
677 1619 724 1668 aut
738 1609 937 1668 blsebelsbium
951 1610 983 1667 de
1003 1608 1074 1666 arti·

110 1694 306 1769 quissimorum
322 1694 454 1752 libiorum
468 1695 629 1753 auctoritate
646 1703 675 1752 et
689 1711 741 1752 usu
756 1695 929 1752 muusrccta
943 1692 1072 1750 statuisse

110 1778 257 1837 existimet„
289 1778 349 1854 lpse
363 1778 547 1836 blscbeislius
567 1779 610 1836 his
627 1777 754 1836 subsidiis
776 1777 803 1836 in
825 1777 930 1834 duabus
948 1776 1072 1835 editioni·

110 1861 161 1920 bus
168 1855 222 1934 ⁸²⁰)
230 1864 318 1919 itaest
327 1879 401 1926 usus.
410 1871 441 1920 ut
448 1863 476 1918 in
482 1863 569 1937 prima
582 1862 680 1920 decade
687 1861 832 1920 blcdiccutn
845 1868 873 1917 et
885 1860 1035 1918 Parisinum
1044 1860 1072 1916 in

111 1946 192 2003 tertia
204 1947 377 2009 Putasneum.
388 1946 543 2008 llediceum,
556 1945 749 2007 colbertinum,
761 1942 984 2017 bambergensem
999 1949 1071 2000 tanta

111 2027 246 2104 religione
264 2036 434 2103 sequeretur,
450 2037 577 2104 quantam
595 2029 785 2103 inscriptione
803 2027 972 2091 scholastica,
991 2043 1071 2102 quarn
1136 2057 1139 2062 ·

111 2129 193 2188 supra
215 2113 435 2176 commemoravi.
454 2113 632 2171 necessariam
650 2113 821 2170 iudicaverat
849 2111 877 2168 lu
896 2127 948 2185 qua
965 2109 1070 2185 quidem

111 2213 141 2253 rc
156 2205 184 2253 et
209 2197 236 2252 id
253 2195 397 2253 dolendum
413 2206 470 2259 est,
487 2197 560 2270 quod
574 2197 703 2254 maiorem
718 2195 864 2254 editionem
878 2211 932 2250 neu
947 2192 1070 2256 absolvit,

111 2295 199 2354 neque
215 2281 443 2338 accuratissimam
457 2280 586 2338 Puteanei
600 2279 772 2342 collationem
788 2286 873 2338 totam
887 2276 988 2354 publici
1004 2278 1071 2336 iuris

113 2364 191 2426 lecit,
212 2371 239 2420 ct
256 2364 329 2438 quod
345 2371 420 2420 taneta
438 2363 561 2422 codicum
580 2361 690 2422 illorum
710 2363 891 2420 admiratione.
908 2371 1003 2436 captus
1025 2377 1071 2418 eo·

112 2463 228 2520 rumque
242 2447 381 2504 autoritati
397 2447 519 2506 addictus
534 2455 602 2510 erat,
613 2455 645 2504 ut
658 2447 849 2522 superstitiose
861 2445 986 2519 plurima,
1002 2461 1070 2518 quae

113 2530 256 2593 baberent.
271 2529 403 2606 'neglectis
414 2531 644 2605 etiamlinguaeet
658 2527 959 2604 grammaticaelegibue
973 2526 1071 2602 proba·

113 2621 154 2670 ret
175 2625 203 2670 et
225 2614 297 2671 baud
319 2631 381 2672 raro
398 2614 543 2672 subtilibus
558 2613 644 2688 magis
662 2629 740 2686 quarn
755 2612 825 2668 veris
846 2611 1011 2686 argumentis
1026 2610 1070 2666 de·

113 2697 221 2754 tendere
236 2691 449 2770 conaretur⁸²¹).
476 2699 541 2756 Dum
557 2707 611 2754 tam
621 2695 769 2754 multorum
784 2694 872 2752 studia
888 2694 914 2750 in
929 2694 1070 2752 emcndan-

113 2846 312 2856 m

179 2927 240 2992 317)
253 2929 299 2980 'liti
312 2929 372 2980 Livii
385 2931 427 2981 lib.
441 2927 533 2980 lllllllll
547 2937 600 2989 etc..
613 2931 715 2988 blisense
729 2927 802 2980 1839.
830 2927 835 2937 “

179 2993 245 3060 318)
253 2997 299 3047 'liti
306 2997 478 3048 Liriiderebus
484 2999 637 3060 Syracusanis
650 2999 726 3062 capita
738 2997 767 3047 ad
780 2995 962 3047 lidemPutennel
972 2995 1070 3044 inarime

115 3063 208 3114 codicis
223 3087 250 3098 -
266 3061 598 3122 emendata,llresdne1839.

179 3127 240 3192 318)
253 3130 299 3181 Titi
311 3131 362 3182 Liri
375 3131 404 3180 ab
416 3130 474 3180 nrbe
486 3131 580 3181 condita
593 3130 634 3181 lib.
648 3129 715 3186 xxx.
727 3129 831 3178 berolini
845 3123 918 3176 1839.

179 3194 240 3260 320)
253 3197 328 3248 llalor
338 3198 427 3264 prodiit
433 3197 534 3248 Berolini
543 3193 709 3247 1841-1846
715 3195 817 3245 ettribus
829 3193 984 3244 voluminibus
996 3191 1071 3243 libror

114 3265 183 3320 1-1,
197 3263 247 3314 xxi
255 3289 283 3300 -
291 3265 363 3315 xxiii
370 3280 376 3320 ;
395 3265 472 3314 minor
483 3265 515 3315 ib.
531 3261 596 3313 1843
604 3287 632 3298 -
642 3261 714 3319 1844,
728 3262 757 3312 lll
769 3260 925 3310 voluminibus
936 3261 1037 3325 primam
1049 3267 1070 3310 et

115 3335 211 3382 alteram
224 3332 336 3382 decadem
349 3331 460 3382 continet.

178 3397 239 3458 tet)
259 3399 309 3449 vid.
321 3399 389 3448 itanc
407 3399 467 3448 dior.
482 3399 573 3448 Monac.
588 3394 654 3447 1840
665 3411 688 3446 n.
702 3393 736 3445 80
748 3409 798 3458 sqq.
806 3427 814 3454 ,
833 3391 897 3444 1844
910 3408 933 3444 n.
949 3391 997 3443 132
1009 3407 1070 3456 sqq..

118 3463 177 3513 1847
191 3479 214 3514 n.
228 3463 261 3513 97
274 3479 341 3529 sqq.;
359 3464 435 3515 lahnii
448 3467 531 3516 driusi.
545 3466 591 3516 rol.
604 3463 689 3518 xlttt'.
702 3459 752 3512 att
764 3476 814 3527 sapa
831 3459 930 3516 xxxix,
943 3457 992 3509 243
1004 3473 1055 3522 sqq.
