2534 3956
295 241 391 282 nrnnn
407 243 438 283 v.
465 241 535 284 our.
552 230 596 286 38·
614 231 658 286 39.
684 218 725 302 [a.
741 219 776 279 0·
791 217 853 300 390]
992 225 1058 292 295

13 409 26 438 ι·
97 406 188 468 quum
203 389 354 458 viderent,
369 405 430 448 non
442 387 530 448 modo
545 406 606 449 non
620 393 762 466 temptato
776 387 937 449 certamine
953 387 1056 448 sedne
1084 361 1090 370 ’

13 509 14 519 1
97 471 229 533 clamore
245 471 367 549 quidem
378 471 495 532 reddito
509 473 618 550 integri
637 472 801 548 intentique
813 471 961 548 fugerunt.
998 485 1089 534 neor

12 583 13 612 ι
97 555 158 616 ulla
173 555 278 616 coedes
291 555 486 632 pugnantium
501 555 570 616 suit:
590 560 675 632 terge
692 571 776 615 caesa
794 559 909 614 suomet
922 555 1057 631 ipsorum

11 679 12 684 η
97 638 265 699 certamine
273 637 412 698 interire
432 638 646 716 inpedientium
663 638 772 715 fugam.
803 639 881 697 circe
900 636 1091 714 inpendit

97 721 195 789 beris,
219 719 521 799 quoermisohieotis
534 726 629 782 tetum
644 721 795 782 sinistrum
818 735 912 780 cornu
934 719 1055 796 defugit,

97 821 204 880 magne
225 809 338 880 sttuges
358 804 438 864 fecto
455 811 514 872 est;
542 804 709 883 multosque
730 805 874 882 inperitos
895 803 986 864 nandi
1006 809 1057 863 eut

96 885 243 948 insolidos
255 901 360 964 meres
380 887 490 948 ieritis*
503 889 626 966 odiisque
641 886 819 965 tegminibus
838 885 1055 964 hausere-gur·

97 971 181 1048 gites.
211 972 529 1049 menimutemenpers
542 970 701 1031 incolumis
714 971 800 1032 Veios
815 971 959 1048 pertingit,
975 970 1055 1030 unde
1072 981 1089 1032 t

95 1069 157 1114 non
172 1053 263 1114 mode
275 1054 416 1132 pretsidii
430 1057 588 1132 quiequam
604 1055 657 1114 sed
672 1071 714 1114 ne·
725 1055 845 1115 nuntius
859 1053 979 1132 quidem
995 1052 1055 1114 elo·

95 1137 143 1197 dis
157 1136 289 1197 Romam·
303 1141 354 1197 est
365 1138 480 1197 nessus.
513 1136 550 1196 ob
572 1137 676 1197 dentre
692 1151 800 1205 cornu,
825 1136 905 1212 quod
918 1135 1056 1215 procule
1074 1149 1106 1200 1⁰

95 1219 218 1281 flumine
240 1226 270 1280 et
284 1221 383 1296 mugio·
395 1219 454 1280 suit
465 1227 568 1280 monte
585 1224 720 1290 steterat,
745 1217 869 1279 Humum
883 1237 985 1279 omnes
1003 1237 1054 1297 pe·

95 1304 187 1373 tiore,
209 1309 239 1364 et
257 1317 298 1364 ne
309 1301 417 1364 citeris
432 1303 554 1381 quidem
572 1303 666 1381 portis
684 1300 814 1362 moisio
835 1317 935 1364 urcem
950 1302 1054 1363 coniu-

96 1393 213 1462 gerunt.

159 1465 287 1529 fflin.
323 1468 430 1532 (ieiios‘
445 1485 565 1547 quoque
586 1468 668 1530 velut
688 1467 908 1548 obstupefactos
926 1471 1054 1530 miracu·
1074 1477 1087 1526 ι

97 1551 159 1612 inm
177 1553 318 1614 victoriae
332 1551 578 1632 temrepentinne
592 1555 697 1614 tenuit.
726 1558 756 1615 et
770 1553 828 1631 ipsi
840 1571 950 1632 penore
967 1552 1054 1612 deiisi

96 1637 399 1716 primumsteternnt,
411 1636 611 1714 ueiuuigneri,
623 1637 694 1714 quid
705 1637 875 1704 occidissem
890 1636 1054 1697 deindein·

95 1719 189 1780 sidins
199 1720 312 1787 uereri:
329 1729 647 1798 pestremoeeesomm
662 1718 759 1798 spolie
771 1718 874 1796 legere
888 1735 1053 1779 armorum·

95 1821 155 1884 qne
176 1801 330 1870 cumulos,
352 1808 386 1862 ut
403 1819 470 1863 mos
492 1803 543 1864 eis
553 1809 610 1871 estu
630 1817 813 1863 coacervare.
843 1808 906 1862 tum
924 1802 1089 1871 demumt

94 1891 251 1964 postquam
266 1884 345 1944 nihii·
359 1901 485 1963 usquum
498 1883 604 1945 hostile
620 1885 812 1955 cernebatur,
834 1887 910 1945 riom
925 1887 1053 1963 ingressi

95 1967 176 2030 haud
190 1966 284 2029 merito
304 1973 377 2029 onte
394 1967 465 2029 solis
481 1977 619 2030 cocenim
634 1969 671 2028 od
690 1967 799 2029 urbem
810 1969 938 2029 Remum
947 1985 1052 2048 perve-

95 2052 191 2112 niunt
228 2051 281 2112 uhi
303 2063 377 2113 cunt¹
392 2051 561 2131 praegressi
584 2053 699 2128 equites
718 2067 778 2112 non
799 2058 899 2130 portos
927 2051 1050 2120 denses,

95 2153 156 2196 non
172 2137 329 2196 stationem
343 2149 407 2214 pro>
418 2136 516 2215 portis
530 2133 692 2205 encubure,
714 2151 775 2195 non
790 2141 918 2196 armatos
938 2153 1004 2196 esse
1020 2137 1052 2198 in

94 2217 399 2290 mnrisrettniissent,
418 2219 497 2280 nmo
514 2220 610 2297 priori
624 2218 720 2280 simile
730 2217 905 2280 rniroeulmn
921 2238 973 2282 eos
987 2236 1051 2281 sus·

94 2303 197 2371 tinuit;
219 2308 399 2382 noctemque
412 2303 498 2364 veriti
511 2308 540 2364 ct
559 2304 677 2380 ignotos
693 2304 783 2363 situm
799 2301 882 2364 urbis
902 2305 981 2364 inter
993 2303 1053 2364 Ro·

95 2401 176 2446 mem
195 2393 283 2465 etrpre
295 2387 440 2449 tinienem
453 2384 616 2448 consedere
628 2385 866 2464 erplorotoribus
882 2387 980 2448 missis
995 2388 1053 2447 oir-

95 2487 130 2530 ce
145 2471 262 2531 moenie
284 2470 416 2548 olimque
429 2475 545 2547 portes,
569 2485 714 2546 quaenam
730 2467 866 2530 hostibus
890 2470 922 2528 In
936 2471 1053 2547 perdite

94 2570 129 2612 re
140 2551 264 2612 consilis
276 2557 383 2612 essent
408 2551 548 2620 Romani,
567 2567 716 2630 eumpurs
731 2552 827 2612 maior
842 2569 878 2612 ex
892 2554 956 2614 acie
967 2552 1053 2613 Veios
1070 2558 1087 2606 ⁴

94 2636 218 2714 petisset
230 2631 335 2714 [quom
345 2633 499 2714 Romem],
511 2651 599 2694 nemo
612 2651 769 2713 superesse
777 2643 955 2714 quemquam
965 2653 1052 2715 proe-

93 2723 142 2778 ter
158 2719 278 2794 eosqui
291 2717 417 2779 Remum
431 2718 604 2795 refugerent
620 2717 791 2788 crederent,
809 2717 975 2798 conplorati
989 2736 1052 2779 om-

94 2817 149 2862 nes
165 2803 279 2880 puriter
296 2803 352 2861 vivi
374 2803 543 2880 mortuique
562 2807 654 2863 totom
674 2819 768 2881 prope
788 2800 895 2863 urbem
915 2800 1053 2865 lamentis

94 2883 290 2963 inpleverunt.
328 2887 458 2964 privatos
483 2884 590 2946 deinde
613 2883 711 2947 luctus
737 2885 895 2964 stupefecit
914 2885 1086 2965 pubiieusu

94 2985 201 3047 paror,
222 2976 379 3047 postquem
393 2967 494 3030 iiostes
508 2969 611 3031 edesse
624 2969 790 3029 nuntiatum
812 2977 866 3031 est.
896 2987 965 3030 mox
984 2968 1051 3029 ulu-

94 3050 171 3112 letus
189 3059 352 3130 cantusque
368 3052 505 3113 dIssonus
520 3051 692 3130 regentibus
710 3053 791 3112 circe
807 3055 923 3116 moenio
937 3059 1049 3113 turmo-

93 3136 147 3194 tim
163 3132 298 3195 barbaris
316 3135 482 3196 erudititunt.
520 3151 609 3196 ornne
621 3135 690 3196 inde
704 3140 822 3214 tempus
836 3153 995 3215 suspensos
1008 3137 1049 3196 ite
1068 3155 1085 3203 e

94 3219 191 3279 tenuit
207 3218 320 3279 enimes
335 3218 488 3296 usque-od
500 3217 599 3280 lucem
613 3217 750 3289 alterurn,
772 3225 804 3278 ut
814 3220 976 3282 identidem
991 3221 1049 3280 iem

94 3303 126 3360 in
137 3301 241 3362 urbem
255 3301 372 3362 iuturus
386 3301 534 3362 videretur
544 3304 686 3380 impetus:
709 3303 807 3381 primo
823 3303 965 3374 adventu,
982 3305 1049 3382 quio

95 3391 281 3447 accesserant
301 3385 339 3446 ed
359 3383 480 3454 urbem,
500 3401 657 3464 mensures
676 3387 755 3446 eninr
778 3387 815 3446 ad
835 3386 928 3446 Aliam
948 3386 1048 3456 inisse,

94 3467 150 3527 nisi
175 3467 232 3528 hoc
254 3468 369 3531 consilii
388 3469 481 3536 ioret;
503 3468 610 3530 delnde
633 3467 688 3530 sub
711 3487 849 3530 occasum
872 3468 958 3538 solis,
981 3471 1082 3549 quior

1260 3413 1262 3477 i
