2580 3954
180 240 242 300 214
321 197 475 298 urionem.
504 253 574 295 cnr.
593 243 634 298 17.
652 244 751 298 18.19.
782 203 990 314 [ancili]

181 403 247 462 stati
264 419 318 480 par
333 401 434 462 hostes
456 421 491 463 ex
513 419 583 478 agro
598 401 730 463 Romano
753 408 833 463 trans
848 403 990 463 Anienem
1012 401 1131 463 submo-

181 503 258 546 vere.
298 485 447 564 collesque
467 486 544 546 inter
565 485 691 547 Fidenas
716 492 802 564 atque
823 487 966 547 Anienem
989 493 1131 564 ceperunt

157 570 345 643 relerentes
357 576 466 638 castra,
483 585 538 629 nec
550 571 641 630 ante
633 587 664 629 ιιι
680 587 799 648 campos
815 569 946 646 degressi
960 575 1029 631 sunt
1044 587 1130 648 quam

132 646 163 714 ιι
181 653 313 731 legiones
330 653 436 714 auxillo
449 651 630 714 Faliscorum
646 658 798 714 venerunt
829 658 893 713 tum
904 653 1022 714 domum
1037 661 1132 714 castra

181 737 373 798 Etruscorum
387 755 442 816 pro
464 735 618 797 moenibus
632 735 811 796 Fidenarum
827 738 930 815 posIta
964 744 993 798 et
1008 738 1132 798 dictator

180 821 330 882 Romanus
340 820 420 882 baud
430 818 535 899 procul
546 819 615 881 Inde
632 820 668 881 ad
680 819 854 881 confluentis
868 821 1001 882 consedit
1013 822 1045 880 in
1058 821 1133 880 utri·

181 921 273 983 nsque
297 893 370 983 ripis
387 905 495 974 amnis,
519 921 577 982 qna
597 905 687 1004 sequi·
702 905 882 967 munimento
905 909 1034 982 poterat,
1056 901 1131 965 vallo

180 989 362 1066 interposito.
397 992 516 1067 postero
531 988 605 1050 die
597 989 738 1050 maciem
756 989 863 1050 eduxit.

148 1080 161 1133 l
240 1070 339 1132 XVIII.
371 1071 452 1133 Inter
468 1071 568 1134 hostes
582 1073 679 1134 variae
694 1073 777 1134 luere
798 1074 969 1135 sententiae.
1002 1071 1132 1133 Faliscus

179 1152 285 1232 procul
310 1154 346 1215 ab
370 1155 457 1217 domo
479 1155 611 1217 militiam
638 1174 726 1234 aegre
753 1159 867 1235 patiens
888 1158 1017 1235 satisque
1038 1155 1132 1216 fidens

179 1237 236 1300 sibi
260 1256 385 1318 poscere
406 1257 549 1318 pugnam:
578 1241 692 1302 Veienti
711 1241 903 1320 FIdenalique
926 1239 993 1320 plus
1014 1240 1078 1319 spei
1101 1240 1132 1298 in

145 1331 162 1379 2
179 1322 323 1385 trahendo
341 1323 419 1385 bello
434 1343 507 1386 esse.
540 1323 727 1394 TolumnIus,
744 1341 922 1404 quamquam
938 1341 1060 1386 suorum
1071 1341 1133 1382 ma·

180 1408 223 1485 gis
240 1406 398 1486 placebant
416 1407 550 1478 consilia,
565 1427 603 1470 ne
618 1407 810 1486 longinquam
825 1407 958 1468 militiam
975 1425 1035 1468 non
1050 1414 1133 1485 pate·

146 1497 284 1552 arentur
301 1491 421 1570 Falisci,
443 1498 562 1570 postero
583 1492 630 1552 die
649 1510 681 1552 se
697 1499 897 1570 pugnaturum
913 1492 1010 1553 edicit.
1042 1491 1133 1552 dicta·

179 1576 237 1634 tori
258 1592 292 1634 ac
302 1573 457 1645 Romanis,
477 1575 555 1654 quod
569 1575 760 1637 detractasset
776 1593 906 1654 pugnam
919 1575 1028 1645 bostis,
1045 1576 1134 1634 animr

180 1675 345 1728 accessere;
362 1664 540 1738 posteroque
556 1659 615 1728 die,
630 1659 690 1719 iam
704 1657 845 1720 militibus
860 1664 956 1720 castra
968 1657 1133 1736 urbemque

123 1812 127 1820 ,
179 1761 211 1803 se
222 1749 444 1821 oppugnaturos
455 1741 663 1812 frementibus,
679 1743 710 1802 ni
722 1744 806 1821 copia
817 1760 934 1822 pugnae
945 1743 1011 1813 liat,
1029 1742 1133 1802 utrim-

180 1844 237 1905 que
253 1828 331 1890 acies
346 1829 425 1889 inter-
440 1825 510 1887 bina
532 1831 627 1887 castra
646 1828 678 1886 in
694 1827 825 1887 medium
840 1828 936 1905 campi
956 1825 1132 1904 procedunt.

144 1910 285 1973 4Veiens
308 1911 505 1972 'multitudine
534 1909 700 1979 abundans,
730 1911 781 1989 qui
807 1911 885 1971 luter
915 1909 1134 1970 dimicationem

179 2003 274 2056 castra
288 1994 420 2056 Romana
438 1994 687 2072 adgrederentur,
710 1999 905 2072 postmontes
929 1993 1133 2052 clrcummisit.

178 2079 269 2137 trium
282 2077 463 2156 populorum
485 2079 631 2140 exereitus
649 2079 689 2138 ita
712 2079 792 2138 stetit
806 2078 984 2146 instructus,
1007 2081 1041 2136 ut
1063 2075 1134 2136 dex·

179 2169 258 2220 trum
278 2180 370 2229 cornu
390 2163 551 2230 Velentes,
563 2163 714 2221 sinistrum
734 2160 840 2221 Falisci
863 2164 1017 2229 tenerent,
1043 2157 1135 2218 medii

144 2253 160 2301 5
179 2244 334 2322 Fidenates
347 2250 452 2305 essent.
483 2245 608 2304 dictator
619 2245 722 2306 dextro
736 2262 828 2304 cornu
840 2245 981 2305 adversus
992 2240 1135 2311 Faliscos,

168 2327 296 2388 sinistro
313 2334 415 2388 contra
431 2327 583 2390 Veientem
604 2327 785 2406 CapItoliuus
799 2325 953 2395 Quinctius
975 2325 1076 2407 intulit
1095 2327 1135 2385 si·

179 2428 251 2488 gna,
269 2411 479 2472 ante'mediam
495 2413 588 2474 aciem
611 2430 678 2472 cum
696 2412 827 2490 equitatu
844 2413 983 2488 magister
1001 2411 1136 2490 equitum

144 2506 160 2558 6
177 2497 331 2573 processit.
362 2514 523 2575 parumper
539 2495 687 2558 silentium
705 2501 734 2556 et
749 2496 832 2574 quies
847 2495 903 2554 fuit
917 2512 974 2556 nec
990 2494 1134 2562 Etruscis,

177 2579 234 2638 nisi
250 2587 443 2658 cogerentur,
462 2597 592 2659 pugnam
608 2580 739 2649 inituris,
757 2585 786 2640 et
802 2579 945 2640 dictatore
960 2596 1059 2640 arcem
1074 2576 1134 2637 llo·

177 2679 295 2723 manem
315 2670 516 2742 respectante,
540 2670 573 2724 ut
594 2683 630 2725 ex
643 2680 681 2724 ea
696 2665 733 2723 ab
756 2662 933 2741 auguribus,
957 2659 1045 2722 simul
1066 2677 1135 2720 aves

144 2747 234 2806 trite
255 2747 456 2818 admisissent,
483 2766 519 2808 eu
540 2749 691 2826 conposito
714 2745 869 2807 tolleretur
889 2747 1014 2824 signum.
1054 2743 1135 2822 quod

179 2827 294 2911 [simul]
313 2830 365 2890 ubi
380 2831 547 2909 conspexit,
564 2832 675 2909 prImos
692 2831 805 2910 equites
820 2828 949 2890 clamore
968 2827 1085 2890 sublato
1102 2828 1134 2887 in

177 2911 292 2974 hostem
313 2915 418 2975 emisit.
450 2919 550 2974 secuta
567 2914 698 2992 peditum
714 2915 792 2974 acics
813 2914 927 2991 ingenti
945 2915 974 2973 vi
991 2911 1133 2974 conflixit.

143 3003 160 3054 8
177 2995 257 3058 nulla
272 3005 356 3076 parte
377 2997 509 3076 legiones
521 2997 663 3060 Etruscae
677 2999 844 3059 sustinuere
864 2999 1010 3075 impetum
1024 2997 1133 3056 Itoma-

178 3098 298 3143 norum:
316 3100 408 3181 eques
421 3083 548 3144 maxime
565 3082 737 3150 resistebat;
755 3082 946 3160 equitumque
963 3079 1051 3157 longe
1069 3079 1131 3138 lor·

178 3167 330 3228 tissimus
321 3183 386 3244 lpse
400 3184 455 3228 rex
468 3165 506 3227 ab
525 3167 606 3226 omni
629 3173 712 3245 parte
730 3165 821 3226 effuse
848 3162 1041 3243 sequentibus
1059 3160 1132 3223 obe·

178 3251 294 3323 quItans
308 3251 448 3312 Romanis
470 3249 605 3312 trahebat
621 3257 780 3312 certamen.

147 3351 157 3400 1
239 3333 314 3394 XIX.
342 3334 413 3396 Erat
427 3341 491 3395 tum
502 3337 579 3395 inter
592 3335 705 3412 equites
719 3332 856 3394 tribunus
870 3331 996 3393 militum
1010 3332 1042 3391 A.
1060 3331 1130 3391 Gor-

177 3415 272 3478 nelius
290 3417 412 3488 Cossus,
435 3420 541 3480 eximia
556 3417 776 3496 pulchritudine
799 3419 950 3496 eorporis,
977 3416 1075 3476 animo
1096 3429 1132 3473 ac
1163 3477 1172 3498 .

179 3500 288 3562 vnum
303 3519 373 3580 par,
390 3519 563 3580 memorque
578 3503 704 3578 generis,
723 3501 802 3578 quod
817 3499 1031 3579 amplissimum
1045 3513 1134 3558 acce·
