2534 3956
291 195 431 240 manv.
457 188 588 240 cse.12.
620 175 658 258 [a
676 177 862 262 0-to1.400]
983 185 1046 249 269

154 342 287 410 Victores
301 340 429 414 tribuni,
446 350 478 404 nt
491 351 676 422 praesentem
690 344 858 406 mercedem
868 345 968 406 iudicii
981 346 1044 428 ple·
1062 353 1078 406 a

1 434 2 489 3
76 425 145 488 'bes
168 425 304 494 haberet,
331 423 427 503 legem
451 427 598 503 agrariam
620 425 822 505 promulgant,
844 427 1044 508 tributumque

1 512 2 562 ἲ
91 509 222 578 conferri
243 506 418 590 prohibent,
448 527 516 572 eum
535 514 579 570 tot
600 507 776 572 exercitibus
800 511 946 590 stipendio
971 529 1079 589 opusn

90 597 184 661 esset,
204 607 312 674 resque
334 589 437 652 militia
457 593 496 652 ita
520 609 664 672 prospere
684 601 874 670 gererentur,
902 603 935 654 ut
963 593 1044 659 nullo

1 740 2 744 ,
89 673 169 744 bello
183 675 333 739 veniretur
349 675 385 740 ad
402 677 511 740 exitum
525 676 578 738 rei.
610 692 736 752 namque
751 676 817 738 Veis
839 685 949 748 eastra,
969 695 1044 755 quae

1 755 2 788 ³
89 761 195 824 amissa
213 765 310 830 uani,
325 765 502 842 recuperata
516 757 643 826 camellis
654 759 868 839 praesidiisque
879 762 1043 824 firmenttu.

89 901 90 904 ,
110 847 249 912 raecrnni
269 839 744 910 absumisabsumis
764 851 793 904 et
817 843 852 905 K.
874 844 991 906 Fabius.
1028 846 1078 905 ab

88 860 126 990 ll·
143 923 233 990 Furio
249 925 280 994 in
294 923 416 993 Faliscis
433 933 463 991 et
477 926 528 991 Cra
544 924 681 988 Cornelio
695 925 727 986 in
744 925 890 1004 Capenate
903 945 975 1014 agro
989 927 1043 988 ho-

87 1015 148 1072 stes
162 1007 235 1072 nulli
250 1015 331 1078 entra
350 1010 467 1074 moenia
484 1010 612 1078 inventi;
633 1008 761 1086 praedae
781 1016 863 1078 actae
884 1011 1043 1082 iacendiis·

89 1109 147 1174 que
168 1091 304 1160 vulsum
323 1109 357 1151 ac
376 1091 497 1170 frugum
517 1091 725 1160 vastationes,
748 1109 765 1154 ο
787 1092 856 1169 pide
877 1102 1044 1174 oppugnata

88 1191 145 1238 nec
166 1173 285 1240 obsessa
307 1180 383 1237 sunt.
419 1181 449 1234 at
468 1175 500 1234 in
519 1171 630 1237 Volscis
651 1109 828 1252 depopulato
851 1192 923 1252 agro
944 1177 1044 1236 Anxur
1062 1177 1079 1228 ⁶

88 1259 269 1334 neopaipuam
284 1273 323 1334 op
345 1264 485 1333 aguntum
507 1255 573 1318 loeo
588 1255 646 1320 alto
660 1257 762 1328 situm,
786 1262 815 1319 et
829 1265 985 1337 postquam
1001 1261 1044 1319 ris

88 1340 180 1402 inrita
195 1346 305 1408 erat,r
334 1337 363 1400 lo
375 1338 513 1418 fossaque
529 1337 660 1400 obsideri
675 1345 821 1417 coeptum.
854 1338 970 1402 Valerio
985 1341 1042 1404 Po·

87 1422 142 1482 tito
156 1420 254 1482 Volsci
267 1423 420 1500 provincia
436 1429 582 1484 evenerat

150 1505 215 1568 Hoc
235 1511 312 1572 statu
333 1504 503 1571 militarium
522 1522 624 1576 rerum
646 1505 750 1567 seditio
772 1507 909 1570 intestina
929 1509 1077 1570 maiorer

88 1587 166 1656 mole
187 1596 289 1658 coorta
305 1606 393 1668 uuam
418 1587 495 1652 bella
515 1586 723 1652 tractabantur.
762 1597 875 1652 etcum
898 1590 1043 1652 tributum

88 1671 221 1734 conferri
239 1689 294 1757 per
312 1670 448 1740 tribunos
467 1690 529 1734 non
545 1680 660 1750 posset,
681 1689 737 1734 nec
752 1673 930 1752 stipendium
948 1676 1042 1753 impe·

86 1753 236 1821 tatoribus
253 1757 434 1825 mitteretur,
466 1773 593 1834 aeraque
619 1754 755 1822 militaria
779 1752 925 1832 flagitaret
947 1756 1042 1827 miles,

87 1837 166 1900 haud
179 1837 284 1920 procul
300 1845 379 1907 erat,
400 1840 472 1914 quin
496 1845 590 1899 castra
607 1854 724 1919 quoque
744 1837 875 1906 urbanae
890 1840 1043 1901 seditionis

1 1905 2 1930 ¹
89 1922 264 2002 contagione
274 1919 473 1982 turbarentur.
496 1922 573 1987 inter
584 1919 812 2000 hasirasplebis
823 1923 965 2000 inpetres
977 1929 1077 1984 cums

87 2001 200 2066 tribuni
216 2002 297 2082 plebi
312 2020 391 2067 nunc
408 2001 479 2064 illud
493 2010 610 2084 tempus
626 2023 690 2066 esse
705 2003 838 2074 dicerent
850 2003 1042 2074 stabiliendae

87 2083 232 2148 libertatis
259 2095 289 2150 et
320 2085 355 2150 ab
380 2081 568 2164 Sergiis'Ver
588 2087 714 2164 iniisque
746 2088 783 2151 ad
806 2087 939 2167 plebeios
964 2091 1042 2151 viros

87 2168 180 2230 fortes
195 2187 229 2234 ac
244 2177 380 2234 strenuos
392 2105 589 2234 aamroeml
600 2171 708 2233 sumnri
718 2170 857 2241 honoris,
872 2180 1042 2235 nontamen
1061 2181 1078 2233 9

89 2251 164 2314 ultra
183 2271 356 2333 processum
374 2261 431 2322 est,
454 2271 542 2335 qnam
562 2261 595 2318 ut
608 2270 685 2315 unns
705 2272 742 2314 ex
758 2253 861 2334 plebe,
881 2255 1044 2334 usurpandi

88 2336 160 2398 iuris
176 2355 279 2406 causa,
295 2335 327 2398 P.
346 2335 475 2399 tiendus
490 2337 593 2400 Calvus
608 2335 745 2399 emenus
756 2337 882 2400 rnilitum
894 2338 1044 2400 consulari

0 2480 1 2497 2
87 2427 230 2498 potestate
248 2427 413 2488 creatorum
438 2422 529 2484 ceteri
548 2421 666 2498 patricii
687 2422 795 2490 creati,
822 2421 854 2482 P.
869 2420 996 2482 Manlius
1009 2421 1042 2482 L.
1064 2427 1095 2478 1⁰

87 2499 212 2566 Titinius
226 2503 259 2564 P.
276 2502 397 2564 Maelius
411 2502 443 2562 L.
461 2503 566 2564 Furius
580 2501 756 2564 Medullinus
771 2502 803 2562 L.
819 2501 961 2584 Poplilius
975 2503 1043 2564 Vol·

0 2616 1 2655 p
87 2601 163 2646 scus.
201 2583 265 2668 ipsa
287 2582 390 2662 plebes
414 2583 575 2645 mirabatur
599 2603 631 2646 se
651 2590 761 2644 tantam
780 2603 846 2646 rem
871 2585 1043 2659 obtinuisse,
1063 2596 1093 2648 tl

0 2664 1 2701 l
86 2684 148 2728 non
166 2669 192 2730 is
212 2665 299 2730 modo
326 2667 376 2744 qui
395 2676 510 2728 oreatus
533 2676 610 2738 erat,
637 2667 681 2726 rir
709 2667 798 2729 nudis
825 2680 892 2730 ante
920 2669 1043 2732 honori·

1 2803 2 2806 ,
87 2748 143 2811 bus
170 2767 256 2820 usus,
283 2755 504 2812 recusantum
530 2758 648 2812 senator
674 2757 703 2811 et
731 2759 824 2815 aetate
850 2753 909 2815 iarn
936 2755 1042 2830 gravis.

87 2850 144 2894 nec
166 2836 234 2894 satis
255 2839 382 2902 constat,
410 2850 464 2894 cru
483 2834 597 2912 primus
622 2853 657 2895 ae
683 2835 851 2912 potissimus
876 2836 913 2897 ad
935 2854 1043 2900 novum
1063 2847 1094 2898 12

87 2915 277 2980 delibandum
297 2915 443 2978 bonorem
463 2917 501 2978 sit
523 2916 651 2980 habitus.
688 2917 739 2980 alii
764 2919 815 2982 un.
840 2919 959 2986 Corneli
983 2923 1042 2984 fra·

87 3002 155 3068 tris,
180 3000 232 3078 qui
257 2997 394 3063 triburnu
421 2999 546 3064 militum
568 3003 669 3083 priore
694 3020 772 3064 anno
797 3003 894 3066 iuerat
922 3005 1042 3084 triplex·

88 3101 146 3160 que
163 3083 341 3162 stipendium
361 3081 507 3161 equitibus
530 3084 667 3155 dederat,
693 3087 787 3164 gratia
816 3095 979 3150 extractum
1006 3090 1043 3150 ad

87 3174 200 3229 tantum
221 3166 367 3228 honorem
389 3167 527 3238 credunt,
554 3167 604 3230 alii
624 3171 788 3230 orationem
814 3171 910 3248 ipsum
930 3179 1042 3250 tempe·

87 3251 190 3313 stivam
211 3249 249 3314 de
270 3249 429 3312 concordia
450 3251 587 3312 ordinum
610 3252 743 3330 patribus
767 3251 907 3332 plebique
930 3264 1043 3334 gratam

2 3396 7 3425 Ι
87 3331 234 3398 hahuisse.
263 3332 319 3394 hac
336 3335 457 3394 victoria
473 3337 659 3398 comitiorum
678 3336 839 3399 exrdtautcs
855 3338 966 3400 tribuni
979 3339 1041 3419 ple·
1062 3350 1094 3404 tt

86 3417 150 3487 bis,
172 3417 251 3498 quod
267 3417 392 3482 maxime
417 3415 647 3498 rempublicam
667 3420 861 3500 impediebat,
882 3421 918 3484 de
933 3421 1042 3489 tribum
