2534 3956
288 209 386 252 cisne
401 210 446 253 vr.
474 209 545 253 our.
559 201 603 256 30.
621 201 665 256 ³1.
697 188 738 265 [e.
755 189 789 252 G.
805 190 935 270 detdic]
1029 195 1091 261 cot

125 359 216 422 dedit.
246 357 377 429 bianliis,
399 357 480 436 quod
494 373 604 436 genere
618 355 752 436 plebeios
767 359 859 435 gretia
875 357 981 419 lulium
998 360 1090 420 antei·
1111 363 1132 416 3

125 443 213 514 bant,
234 441 333 504 Volsci
352 441 505 522 provincia
519 443 583 502 sine
598 447 693 512 sorte,
717 442 781 503 sine
794 445 1023 520 conparatione,
1041 461 1091 504 ex-

122 533 173 588 tra
191 525 327 589 ordinem
338 527 421 596 data3
445 527 529 587 onius
544 531 575 586 et
591 527 672 603 ipsos
686 524 843 604 postmodo
861 533 890 587 ct
903 533 1020 606 patres,
1039 528 1090 603 qui

123 611 284 682 dederant,
303 610 459 690 paenituit.
489 605 677 688 inexplorato
691 607 863 686 pabulatum
881 609 1020 670 cobortes
1034 611 1089 669 mi·
1110 618 1128 667 4

124 710 208 762 sere;
230 689 434 774 quibuscum
447 693 672 762 succurrentis,
698 703 765 752 oum
782 693 812 752 id
831 693 906 754 laiso
921 692 1090 754 nrmtiotum

122 784 219 848 esset,
236 779 307 838 dum
318 777 471 858 praesidio
491 783 525 838 ut
539 785 640 838 essent
653 778 734 837 citttti
749 777 899 847 feruntur,
915 789 954 838 ne
968 783 1091 838 auctore

122 861 246 940 quidem
262 861 431 933 adservato,
452 860 505 940 qni
521 871 578 932 ‘eos
590 860 686 922 iiostls
702 859 822 921 Latinus
841 878 898 940 pro
920 861 1016 934 milite
1029 860 1089 922 lio·

122 960 212 1006 mano
234 941 394 1008 frustratus
411 947 492 1016 orat,
510 945 572 1023 ipsi
590 944 622 1004 in
636 943 759 1006 insidias
773 945 1017 1025 praecipitauere.
1046 941 1090 1004 ibi
1110 949 1126 1000 t

121 1029 309 1108 dominique
321 1027 388 1090 loco
400 1026 463 1090 sola
473 1027 581 1088 uirtute
591 1025 717 1088 miiitum
727 1035 872 1089 restantes
884 1029 1012 1090 credunt
1022 1043 1089 1089 oee-

122 1113 312 1190 danturque,
333 1117 430 1173 oastra
443 1109 565 1180 interim
582 1106 718 1172 llornana
733 1111 858 1171 iacentia
878 1113 909 1170 in
928 1129 1032 1189 campo
1051 1109 1088 1171 ab

122 1195 216 1257 altera
236 1199 323 1275 parte
338 1195 440 1257 hostes
460 1192 607 1256 invasere.
643 1192 681 1255 ab
697 1192 822 1255 ducibus
836 1194 997 1271 utrubique
1017 1211 1089 1274 pro·
1111 1207 1129 1258 o

121 1279 205 1340 ditae
221 1281 387 1342 temeritate
401 1284 490 1358 atque
496 1277 614 1358 inscitia
625 1293 684 1340 res.
713 1278 855 1356 quidquid
870 1278 1017 1358 superfuit
1027 1278 1089 1338 lor-

121 1371 213 1425 tunae
234 1361 339 1442 populi
353 1357 497 1434 Romani,
517 1355 687 1426 idmilitum
702 1363 789 1422 etiam
805 1363 869 1422 sine
890 1368 1009 1423 rectore
1030 1369 1088 1423 sta·

122 1443 191 1508 bilis
207 1449 300 1508 virtus
315 1452 408 1508 tutata
425 1454 478 1508 est.
508 1461 585 1528 quae
605 1443 657 1507 ubi
671 1446 795 1507 Romam
810 1455 879 1506 sunt
893 1445 1002 1516 relata,
1027 1446 1090 1525 pri·
1112 1456 1127 1504 7

122 1548 206 1591 mum
220 1529 397 1612 dictatorem
413 1525 472 1591 dici
486 1527 641 1610 placebat;
660 1529 783 1600 deinde,
799 1535 956 1608 postquam
972 1531 1090 1606 quietae

121 1632 173 1676 res
189 1633 226 1676 ex
240 1613 353 1676 Volscis
364 1610 592 1686 adferebantur,
609 1621 639 1676 et
654 1615 792 1693 apparuit
802 1615 920 1674 nescire
936 1631 986 1673 eos
997 1615 1088 1672 victo·

121 1700 167 1759 ria
179 1706 209 1760 et
218 1704 354 1777 tempore
366 1699 424 1769 uti,
440 1699 573 1759 revocati
590 1697 679 1758 etiam
692 1697 764 1757 inde
781 1697 930 1758 exercitus
941 1713 976 1756 ac
986 1695 1089 1765 duces,

121 1783 275 1858 otiumque
287 1781 379 1858 inde,
397 1785 540 1860 quantum
551 1794 568 1840 a
579 1774 708 1850 Volscis,
724 1780 794 1847 iuit;
812 1779 843 1840 id
854 1779 943 1840 modo
956 1785 1089 1840 extremo
1111 1789 1127 1839 8

122 1881 201 1925 anno
216 1861 441 1934 tumultuatum,
458 1857 537 1941 quod
549 1853 735 1925 Praenestini
750 1863 905 1939 raucitatis
915 1861 1088 1922 Latinorum

121 1945 241 2027 populis
251 1937 446 2008 rebellarunt.
466 1979 502 1991 —
518 1937 726 2008 colemanno
742 1947 852 2008 Setiam
870 1947 945 2025 ipsis
961 1961 1090 2022 queren-
1112 1958 1130 2010 9

121 2030 201 2092 tibus
214 2029 371 2110 penuriam
382 2021 542 2093 bominum
554 2031 624 2090 novi
641 2021 740 2092 coloni
757 2030 908 2110 adscripti.
939 2027 1091 2104 rebusque

122 2111 202 2177 haud
217 2115 371 2194 prosperis
389 2108 471 2177 bello
486 2111 647 2175 domestica
667 2115 767 2191 quies,
790 2129 879 2191 quam
897 2111 1091 2173 tribunorum

122 2195 249 2261 militum
264 2214 301 2342 ep
321 2195 411 2277 plebe
423 2195 521 2276 gratia
542 2197 740 2272 maiestasque
763 2194 842 2256 inter
863 2213 934 2258 suos
952 2194 1090 2267 obtinuit,

121 2282 267 2344 solacium
277 2287 280 2298 '
292 2284 344 2342 uit.

184 2362 287 2428 XXXI.
318 2363 506 2444 insequentis
524 2365 595 2425 anni
608 2361 756 2441 principia
767 2363 869 2424 statim
882 2361 1028 2425 seditione
1043 2365 1089 2424 in·
1111 2381 1125 2433 1

121 2451 204 2526 genti
220 2467 322 2511 arsere
339 2449 470 2510 tribunis
486 2446 614 2506 milituln
632 2441 783 2506 consulari
801 2450 947 2524 potestate
963 2447 1014 2523 Sp.
1031 2445 1090 2505 Fu·

122 2533 167 2591 rio
190 2529 223 2598 Q.
240 2531 365 2591 Servilio
385 2531 495 2590 iterum
518 2525 610 2589 Lucio
626 2523 763 2590 Menenio
782 2528 907 2590 tertium
927 2528 960 2590 P.
977 2527 1090 2590 Cloelio

121 2613 159 2676 n.
175 2610 298 2674 Horatio
321 2609 354 2674 L.
370 2612 511 2690 Geganio.
549 2612 614 2673 erat
634 2619 734 2673 autem
755 2618 784 2672 et
804 2612 929 2673 materia
952 2619 982 2674 et
1001 2627 1126 2679 causas

122 2693 277 2760 seditionis
293 2715 344 2757 aes
355 2695 501 2767 alienum,
520 2695 604 2756 cuius
615 2693 761 2757 noscendi
770 2696 869 2773 *gratia
881 2693 932 2774 Sp.
946 2693 1089 2756 Seruilius

121 2778 242 2844 Priscus
266 2775 301 2850 Q.
319 2779 448 2842 Cloelius
470 2779 587 2841 Siculus
611 2790 751 2840 censores
768 2773 857 2850 iacti,
872 2793 911 2839 ne
935 2791 1000 2840 rem
1018 2795 1087 2856 age-

121 2870 205 2936 rent,
227 2861 308 2925 bello
323 2864 448 2944 inpediti
469 2870 547 2925 sunt
580 2875 710 2942 namque
732 2863 842 2942 trepidi
861 2863 960 2924 nuntii
980 2863 1125 2941 primes

122 2949 190 3026 iuga
212 2944 319 3010 deinde
340 2967 377 3009 ex
399 2948 478 3026 agris
492 2946 628 3026 legiones
643 2945 820 3008 vulscorum
841 2947 992 3026 ingressas
1014 2945 1089 3006 lines

121 3030 319 3112 popularique
330 3032 440 3110 passim
453 3031 620 3106 Romanum
632 3047 737 3109 agrum
749 3029 883 3093 attulere.
912 3032 945 3092 iu
958 3047 1015 3107 qua
1026 3037 1086 3090 tre·
1108 3057 1122 3104 t

122 3115 272 3195 pidatione
286 3123 400 3176 tantum
416 3111 488 3176 aluit
498 3122 531 3176 ut
546 3112 643 3176 civilia
656 3116 818 3177 certamina
831 3122 932 3177 terror
947 3119 1088 3175 externus

122 3197 291 3270 cohiberet,
310 3205 343 3259 ut
358 3205 462 3259 contra
478 3216 514 3260 eo
526 3196 684 3261 violentior
704 3206 835 3280 potestas
853 3195 1015 3258 tribunicia
1041 3199 1086 3256 in·

121 3283 269 3364 pediendo
283 3275 394 3346 dilectu
406 3287 499 3354 esset,
516 3283 613 3344 donec
629 3283 821 3344 condiciones
836 3283 981 3360 inpositae
995 3283 1086 3359 patri·

122 3365 192 3438 bus,
210 3369 344 3446 nequis,
367 3365 464 3443 quoad
481 3363 623 3428 bellatum
645 3373 737 3437 esset,
759 3364 903 3426 tributum
920 3365 1020 3434 daret,
1036 3370 1087 3422 aut

124 3451 168 3511 ius
184 3451 221 3512 de
236 3453 361 3530 pecunia
381 3449 493 3511 credita
512 3450 634 3512 diceret
666 3469 702 3512 eo
719 3447 886 3511 laxamento
905 3447 988 3527 plebi
1004 3455 1121 3509 sum-a
1240 3407 1241 3432 ,
