2580 3954
235 201 297 265 190
406 213 499 254 ursan
517 213 564 254 111.
594 211 664 252 one.
677 201 717 256 di.
733 202 776 256 68.
802 191 840 269 [a.
856 211 886 249 u.
901 209 925 248 c.
939 190 1002 266 308]

234 369 322 426 nenio
333 363 456 424 deorum
466 380 523 422 uec
534 361 687 420 homiuum
702 361 753 428 sit,
771 361 821 437 qut
836 364 930 418 vestra
941 359 1045 436 puniat
1057 365 1194 436 peccata,

233 445 377 516 Quirites,
394 451 506 506 vosmet
516 451 629 504 tanturn
640 459 742 505 eorum
753 442 908 522 paeniteat.
938 439 1052 501 nonilli
1065 447 1194 500 vestram

234 531 379 608 ignaviam
407 535 629 608 contempsere,
660 541 720 588 nec
751 541 821 586 suae
845 525 945 586 virtuti
971 525 1075 586 conlisi
1104 530 1192 584 sunt:

235 615 345 694 quippe
361 613 469 674 totiens
482 611 541 672 lusi
555 610 718 688 fugatique,
738 609 840 670 castris
860 609 956 678 exuti,
974 626 1045 685 agro
1065 605 1192 676 mrdtati,

201 701 219 753 o
235 695 410 773 subiugum
428 695 525 764 missi,
542 701 616 756 etse
632 699 661 754 et
673 707 725 752 vos
738 709 859 754 noscere.
888 691 1037 754 discorda
1052 691 1193 752 ordinum
1272 753 1273 766 χ

236 788 280 843 est
299 795 446 841 venenum
472 776 556 838 urbis
575 775 680 846 huius,
705 781 823 854 patrum
844 791 878 836 ac
898 773 995 857 plebis
1018 774 1192 836 certamina.

176 939 179 942 ῃ
235 864 305 925 dum
316 880 373 923 nec
384 861 472 921 nobis
482 861 600 940 imperii
610 877 667 921 neo
676 858 759 920 robis
769 857 913 920 libertatis
924 867 968 920 est
980 859 1101 928 modus,
1120 858 1194 918 dum

233 946 332 1007 taedet
352 963 403 1006 ros
427 944 637 1023 patritiorum,
665 943 721 1006 bos
745 942 933 1022 plebeiorum
958 945 1195 1022 magistratuum,

201 1036 218 1086 7
234 1029 381 1092 sustrdere
394 1027 439 1089 illl
455 1029 580 1092 animos.
610 1045 667 1105 pro
686 1027 773 1090 deum
793 1027 881 1088 iidem
898 1029 969 1107 quid
989 1025 1071 1090 vohis
1086 1026 1195 1090 vultis!
1272 1041 1273 1086 3

233 1112 371 1176 tribunos
393 1111 490 1194 plebis
511 1111 703 1191 concupistis:
733 1111 910 1172 concordiae
934 1130 1021 1174 causa
1045 1110 1194 1174 concessi·

234 1215 309 1259 mus.
333 1195 516 1259 decemviros
526 1195 726 1256 desiderastis:
746 1196 841 1258 creari
850 1197 930 1274 passi
941 1215 1051 1258 sumus.
1075 1195 1194 1256 decem·
1272 1191 1273 1204 ¹

234 1283 366 1342 virorum
385 1299 437 1340 ros
455 1285 625 1359 pertaesum
645 1285 702 1339 est:
737 1280 887 1358 coegimus
908 1279 990 1342 abire
1010 1279 1194 1358 magistratu.
1272 1331 1273 1342 ,

200 1370 218 1422 8
234 1371 372 1426 manente
385 1363 553 1437 ineosdem
567 1362 697 1442 privatos
709 1362 754 1422 ira
768 1371 864 1423 restra
880 1365 957 1428 mori
970 1370 1058 1444 atque
1073 1361 1196 1426 exulare

201 1454 219 1506 u
235 1447 437 1509 nobilissimos
450 1445 529 1506 viros
543 1445 847 1524 honoratissimosque
864 1447 946 1526 passi
960 1465 1070 1508 sumus.
1098 1445 1195 1508 tribu·

235 1539 300 1592 nos
312 1529 408 1609 plebis
423 1546 526 1590 creare
540 1531 649 1590 iterum
663 1527 809 1591 voluistis:
834 1532 965 1593 creastis.
998 1529 1135 1594 consules
1150 1529 1193 1590 la·
1272 1567 1273 1606 3

236 1631 305 1676 uere
320 1620 484 1674 vestrarum
494 1613 639 1692 partium,
658 1613 712 1676 etsi
721 1611 856 1692 patribus
866 1613 1038 1677 videbamus
1048 1615 1195 1696 iniquum,

235 1699 391 1777 patriciam
407 1713 526 1776 quoque
542 1697 745 1774 magistratum
758 1695 839 1777 plebi
851 1698 961 1758 donum
979 1699 1046 1762 lieri
1058 1699 1195 1760 vidimus.

236 1780 377 1842 auxilium
396 1779 603 1850 tribuniciam,
627 1782 868 1858 prouocationem
890 1782 926 1842 ad
940 1781 1099 1862 populum,
1122 1783 1195 1842 scita

235 1862 331 1943 plebis
346 1864 478 1925 iniuncta
498 1863 648 1944 patribus,
673 1863 727 1925 sub
745 1863 835 1925 titulo
854 1865 1075 1944 aequandarum
1094 1865 1195 1942 legum

186 1946 419 2010 monstratura
444 1965 587 2027 oppressa
608 1946 733 2010 tulimus
757 1955 786 2010 et
806 1949 937 2011 ierimus.
978 1950 1029 2028 qui
1048 1950 1115 2012 finis
1139 1949 1196 2010 erit

235 2031 470 2092 discordiarum?
500 2030 653 2109 ecquando
669 2049 759 2092 unam
774 2031 881 2092 urbem
895 2032 1023 2104 habere,
1041 2032 1195 2110 ecquando

237 2131 426 2176 communem
438 2114 516 2175 hano
532 2133 597 2176 esse
610 2115 736 2193 patriam
758 2114 875 2175 licebit?
901 2117 969 2176 violi
981 2134 1037 2178 nos
1053 2117 1195 2194 aequiore

187 2196 217 2250 11
236 2198 335 2258 auimo
357 2198 537 2274 quiescimus
556 2215 645 2276 quam
665 2215 716 2258 uos
742 2199 877 2260 victores.
914 2201 1022 2266 selune
1041 2207 1088 2264 est
1107 2197 1195 2260 nobis
1272 2213 1273 2218 ’

235 2298 287 2341 ros
301 2280 475 2341 metuendos
487 2282 569 2342 esse?
588 2281 727 2342 adversus
741 2299 796 2342 nos
804 2282 981 2347 Aventinum
997 2285 1128 2366 capitur,
1143 2282 1195 2344 ad·

235 2381 338 2425 versus
354 2379 410 2424 nos
428 2363 518 2424 Sacer
535 2372 696 2446 occupatur
715 2382 809 2426 mons.
847 2365 993 2446 Esquilias
1014 2367 1133 2447 quidem
1157 2364 1193 2428 ab
1272 2413 1273 2416 ,

234 2445 320 2508 hoste
340 2463 435 2526 prope
463 2455 562 2527 captas
575 2443 620 2510 'et'
633 2449 824 2510 scandentem
842 2451 874 2510 in
896 2467 1036 2530 aggerem
1055 2450 1194 2512 Volscum
1272 2493 1273 2496 ,

234 2529 350 2592 hostem
366 2547 454 2593 uerno
468 2529 623 2593 submouit.
653 2533 684 2592 in
701 2549 757 2592 nos
770 2533 839 2605 riri,
855 2534 887 2596 in
902 2551 957 2596 nos
973 2535 1077 2596 armati
1093 2535 1194 2596 estis.“

202 2614 216 2665 1
294 2613 416 2675 LXVlll.
448 2615 552 2692 „Agite
568 2615 653 2685 dum,
675 2614 727 2675 ubi
746 2615 795 2677 bic
811 2619 924 2678 curiam
945 2617 1194 2680 circumsederitis
1272 2613 1273 2648 ³

118 2685 217 2832 N
235 2703 264 2758 et
277 2697 375 2758 iorum
389 2696 528 2760 iniectum
546 2697 677 2760 feceritis
693 2705 722 2761 et
738 2717 888 2763 carcerem
902 2702 1095 2783 impleveritis
1109 2701 1192 2780 prin-
1272 2719 1273 2764 t

235 2779 365 2858 cipibus,
380 2780 474 2842 isdem
483 2782 548 2843 istis
562 2779 712 2844 ferocibus
726 2785 832 2846 animis
844 2785 1018 2862 egredimini
1029 2791 1111 2847 extra
1122 2802 1192 2864 por·

233 2870 293 2923 tam
309 2863 505 2942 ldstpn'liuam3
523 2872 586 2936 aut,
603 2866 628 2926 si
642 2883 680 2930 ne
696 2866 753 2928 hoo
768 2868 888 2947 quidem
903 2869 1033 2940 audetis,
1051 2886 1088 2930 ex
1100 2867 1193 2929 muris

234 2946 318 3008 visite
333 2963 420 3024 agros
437 2955 549 3010 vesuos
561 2949 645 3010 ferro
657 2951 780 3030 ignique
790 2958 930 3022 rasmtos,
946 2951 1089 3031 praedam
1105 2949 1191 3029 abigi,

200 3031 217 3084 3
233 3029 349 3091 fumare
365 3031 485 3093 incensa
502 3035 611 3110 passim
626 3039 712 3094 tecta.
743 3039 772 3094 at
786 3036 865 3096 enirn
882 3037 1049 3099 communis
1072 3052 1123 3098 res
1138 3051 1192 3113 per

233 3113 308 3175 baec
324 3113 390 3176 loco
410 3123 455 3176 est
470 3117 587 3195 peiore:
616 3133 687 3196 ager
707 3117 816 3189 uritur,
838 3117 911 3182 urbs
933 3118 1100 3192 obsidetur,
1122 3115 1192 3180 belli

233 3196 327 3276 gloria
341 3199 601 3277 peneshostisest.
629 3200 850 3277 quidtandemi
874 3204 1192 3280 privataeresvestrao

233 3296 293 3358 quo
309 3289 385 3343 statu
401 3283 486 3344 sumti
510 3285 569 3344 iam
586 3284 745 3361 unicuique
761 3303 797 3346 ex
814 3285 894 3364 agris
917 3304 970 3350 sua
990 3287 1096 3350 damna
1115 3302 1191 3346 uun-

198 3367 216 3417 t
231 3361 392 3426 tiabuutur.
423 3366 494 3443 quid
511 3373 555 3427 est
570 3366 689 3428 tandem
704 3367 798 3438 domi,
813 3367 893 3430 unde
910 3388 945 3431 ea
963 3368 1123 3449 expleatist
1138 3368 1191 3428 tri·

232 3444 306 3510 bunt
319 3446 403 3511 vobis
414 3449 519 3510 amissa
532 3448 658 3512 reddent
671 3467 706 3511 ao
720 3452 893 3512 restituenti
920 3454 999 3515 vocis
1016 3451 1194 3514 verborum-
