2580 3954
236 193 299 258 2³8
406 207 502 249 ninus
516 207 559 250 ιν.
589 207 658 249 car.
674 197 718 250 44.
748 189 787 266 [a.
803 208 833 248 u.
854 209 876 246 ο,
895 189 1022 264 tit-³36]

207 371 218 421 ι
298 355 394 417 XLIV.
426 354 595 415 Tribunioia
606 355 734 433 primum
748 355 864 414 comitia
881 361 950 416 sunt
959 351 1069 414 habita.
1100 355 1195 414 creati

236 439 349 500 tribuni
369 437 518 500 consulari
538 444 682 516 potestate
707 455 810 498 omues
831 438 964 517 patricii,
986 436 1019 497 L.
1038 434 1195 506 Quinctius

240 523 430 585 Cinolnnatus
449 523 538 582 tertio
558 519 591 582 L.
610 521 718 583 Furius
732 521 909 582 Medullinus
928 523 1036 583 iterum
1056 520 1094 580 Μ.
1109 520 1194 581 Man·

203 620 219 668 2
236 606 294 668 lius
308 609 341 666 A.
358 607 551 684 Sempronius
567 607 725 666 Atratinus.
755 604 813 664 hoc
832 603 953 666 tribuno
969 604 1086 664 comitia
1101 622 1193 682 quae·

237 698 350 752 storum
373 689 502 750 habente
522 687 749 767 petentibusque
766 689 843 748 inter
858 687 969 766 aliquot
983 685 1117 766 plebeios
1131 687 1194 747 fibo

237 773 342 834 Antisti
354 772 466 833 tribuni
481 771 577 850 plebis
593 779 622 832 et
636 772 728 833 fratre
743 771 864 833 alterius
875 771 988 832 tribuni
1001 769 1097 850 plebis
1111 771 1192 832 Sexti
1276 841 1277 846 J

236 855 362 934 Pompili
383 874 439 916 neo
456 861 586 933 potestas
603 873 659 916 nec
676 855 847 934 suffragatio
861 854 968 916 borum
983 853 1088 922 valuit,
1110 855 1191 932 quin,
1276 847 1277 930 3

237 957 364 1018 quorum
378 947 479 1018 patres
499 955 626 1016 avosque
643 938 780 1000 consules
796 939 942 1009 viderant,
968 957 1019 1000 eos
1037 937 1192 999 nobilitate
1276 951 1277 1000 ὲ

203 1023 433 1103 epraelerrent.
468 1022 569 1082 furere
596 1039 699 1082 omnes
724 1021 837 1082 tribuni
866 1021 961 1101 plebi,
990 1027 1057 1083 ante
1087 1039 1191 1082 omnes
1225 1017 1231 1026 '
1276 1013 1277 1088 ζ

203 1120 219 1168 a
236 1104 398 1184 Pompilius
412 1107 613 1183 Antistiusque
627 1105 747 1184 repulsa
757 1123 880 1166 suorum
896 1107 1025 1168 accensi:
1050 1105 1191 1184 quidnam

236 1190 266 1251 id
281 1190 326 1251 rei
341 1199 435 1260 esset,
455 1189 534 1269 quod
551 1206 612 1249 non
631 1191 692 1250 suis
711 1188 878 1260 beneficiis,
898 1207 958 1250 non
973 1198 1092 1269 patrum
1113 1190 1183 1248 init

236 1275 304 1344 riis,
333 1289 394 1334 non
417 1273 544 1352 denique
566 1273 730 1351 usurpandi
752 1272 888 1344 libidine,
917 1291 984 1333 cnm
1004 1271 1091 1333 liceat
1111 1273 1190 1351 quod
1276 1287 1277 1360 ι

237 1365 305 1418 ante
328 1375 389 1417 non
418 1357 550 1427 licuerit,
578 1357 604 1417 si
628 1374 687 1416 non
719 1356 869 1418 tribunum
892 1356 1063 1427 militarem,
1093 1389 1128 1400 -
1152 1373 1191 1416 ne
1276 1381 1277 1412 1

202 1449 425 1520 oquaestorem
451 1440 570 1519 quidem
598 1457 776 1518 quemquam
804 1459 840 1500 ex
862 1439 950 1518 plebe
972 1439 1096 1500 iactum!
1131 1457 1191 1499 non
1276 1477 1277 1492 2

236 1522 362 1584 valuisse
374 1524 466 1601 patris
477 1541 532 1601 pro
543 1522 618 1592 fibo
633 1522 733 1584 fratris
744 1541 799 1602 pro
815 1525 907 1586 ratre
917 1541 1039 1602 preces
1054 1522 1191 1582 tribuno·
1276 1539 1277 1598 ζ

235 1618 304 1666 rum
321 1604 433 1685 plebis,
450 1607 602 1685 potestatis
617 1615 820 1668 sacrosanctae
839 1607 876 1667 ad
890 1606 1031 1668 auxilium
1046 1605 1191 1667 libertatis
1276 1599 1277 1684 J

237 1698 364 1751 creatae
394 1690 530 1751 fraudem
544 1689 701 1769 proiecto
693 1707 724 1749 ιιι
739 1709 773 1750 re
789 1709 870 1760 csse,
889 1693 963 1752 οιΑ.
980 1691 1189 1788 Sempronium
1276 1689 1277 1692 ’

237 1775 361 1834 comitiis
384 1771 451 1852 plus
477 1775 547 1834 artis
577 1765 745 1835 adhibuisse
772 1792 860 1852 quam
886 1774 962 1834 fidei.
1000 1774 1063 1834 eius
1083 1775 1191 1832 iniuria
1276 1799 1277 1806 ι

202 1859 322 1935 oqueri
342 1875 412 1918 suos
433 1857 548 1918 honore
564 1857 700 1918 deiectos,
732 1859 832 1936 itaque
849 1873 916 1917 cum
931 1859 962 1916 in
976 1858 1080 1935 ipsum
1095 1863 1124 1916 et
1144 1857 1192 1920 in-

236 1941 373 2002 nocentia
387 1948 484 2000 tutum
499 1948 529 2001 et
543 1943 729 2017 magistratu,
750 1942 781 2000 in
797 1957 855 2018 quo
877 1948 948 2000 tunc
965 1945 1042 2010 erat,
1062 1941 1192 2018 impetus

236 2025 301 2084 fieri
318 2041 377 2084 non
391 2031 510 2103 posset,
526 2024 666 2085 tlexere
657 2041 717 2084 tras
733 2025 812 2085 iuC.
830 2023 1053 2102 Sempronium,
1070 2029 1190 2102 patrue-

235 2105 294 2168 lem
309 2108 452 2178 Atratini,
474 2109 561 2186 eique
581 2107 650 2168 ob
642 2108 832 2186 lgnominiam
848 2107 944 2168 Volsci
963 2106 1033 2168 belli
1057 2107 1191 2168 adiutore

203 2188 349 2268 acollega
367 2191 405 2251 Μ.
422 2189 561 2252 Canuleio
583 2191 659 2250 diem
683 2189 793 2252 dixere.
825 2189 950 2252 subinde
972 2173 1008 2250 ab
1028 2191 1121 2250 isdem
1136 2191 1190 2248 tri

235 2273 324 2334 bunis
338 2273 473 2334 mentio
464 2289 495 2332 ιιι
513 2279 616 2334 senatu
637 2273 729 2334 deo
693 2292 729 2351 ag
730 2275 770 2334 ris
792 2273 953 2335 dividendis
967 2273 1047 2334 illata
1066 2280 1123 2344 est,
1142 2275 1191 2332 cui
1276 2277 1277 2346 ᾖ

237 2358 344 2416 actioni
366 2373 483 2435 semper
501 2357 645 2418 acerrime
662 2359 692 2419 G.
710 2359 902 2435 Sempronius
930 2359 1092 2427 restiterat,
1107 2357 1190 2426 ratis,

235 2440 265 2500 id
281 2440 359 2519 quod
376 2447 453 2511 erat,
476 2446 527 2501 aut
547 2440 679 2519 deposita
696 2459 784 2502 causa
799 2440 939 2502 letiorem
959 2441 1091 2501 futurum
1110 2440 1190 2518 apud

235 2533 335 2603 patres
349 2543 451 2595 reum,
473 2532 523 2584 aut
535 2532 774 2604 perseverantem
789 2523 844 2584 sub
868 2523 967 2584 iudicii
990 2533 1107 2602 tempus
1126 2521 1191 2601 ple·

202 2607 304 2669 tsbem
320 2608 509 2670 offensurum.
542 2608 681 2670 adversae
702 2608 827 2669 invidiae
850 2607 929 2668 obici
948 2606 1052 2668 maluit
1070 2614 1100 2668 et
1117 2623 1191 2668 suae

201 2700 219 2752 9
235 2709 345 2753 nocere
359 2709 464 2753 causae
480 2709 568 2770 quam
581 2691 718 2771 publicae
735 2691 854 2759 deesse;
881 2693 1019 2769 stetitque
1032 2693 1063 2751 in
1086 2690 1191 2751 eadem

236 2776 396 2844 sententia,
412 2792 450 2836 ne
465 2792 522 2852 qua
533 2773 665 2852 largitio,
683 2793 802 2838 cessura
813 2776 844 2835 ln
856 2777 945 2834 trium
957 2777 1081 2852 gratiam
1093 2772 1191 2833 tribu·

236 2875 358 2927 norum,
380 2859 479 2919 steret:
512 2875 569 2919 neo
589 2868 653 2918 tum
665 2875 774 2936 agrum
791 2857 886 2938 plebi,
909 2858 961 2920 sed
977 2857 1034 2919 sibi
1049 2856 1189 2917 iuvidiam
1276 2869 1277 2874 ’

236 2944 347 3019 quaeri.
389 2959 421 3001 se
449 2959 567 3020 quoque
600 2942 768 3002 subiturum
796 2960 861 3003 eam
889 2950 1092 3020 tempestatem
1119 2941 1190 3000 lorti

237 3026 343 3087 animo.
372 3042 428 3085 nec
450 3027 565 3086 senatui
580 3028 651 3086 tanti
672 3045 704 3088 se
720 3027 812 3086 civem
832 3033 882 3085 aut
901 3041 1078 3103 quemquam
1099 3022 1189 3084 alium

237 3108 346 3172 debere
363 3127 443 3179 esse,
468 3117 502 3168 ut
524 3109 556 3169 in
577 3110 727 3189 parcendo
748 3111 800 3171 uni
820 3107 929 3168 malum
955 3108 1106 3187 publicum
1128 3107 1188 3166 liat.
1276 3133 1277 3152 ι

189 3201 220 3252 10
237 3193 328 3254 nihilo
344 3193 516 3254 demissiore
532 3195 647 3263 aninao,
669 3211 736 3253 omn
751 3193 813 3254 dies
830 3193 923 3261 venit,
945 3209 1032 3252 causa
1048 3192 1112 3270 ipse
1132 3207 1190 3268 pro

237 3295 269 3337 se
285 3277 377 3340 dicta.
401 3278 579 3355 nequiquam
602 3278 698 3337 omnia
723 3277 851 3356 expertis
865 3273 999 3354 patribus
1020 3282 1053 3334 ut
1073 3275 1190 3350 mitiga-

189 3369 217 3420 ιι
237 3368 304 3418 rent
314 3358 446 3436 plebem,
459 3359 626 3437 quindecim
638 3360 756 3423 milibus
765 3361 841 3422 aeris
849 3359 1014 3423 damnatur.
1030 3391 1065 3403 —
1078 3356 1191 3417 Eodem

238 3458 314 3500 anno
325 3441 474 3502 Postumia
485 3444 566 3520 virgo
578 3443 701 3504 Vestalis
715 3445 751 3506 de
762 3446 876 3506 incestu
892 3458 1010 3503 oausam
1025 3441 1113 3510 dixit,
1132 3439 1192 3499 ori·
