2580 3954
357 245 453 286 ursus
468 244 512 286 iv.
533 243 605 287 car.
620 236 664 290 33.
679 235 722 290 ³4.
745 223 784 307 [a.
801 225 836 286 O.
853 225 916 304 426]
1056 228 1119 292 229

162 393 230 454 dam
251 395 283 453 in
301 412 333 454 se
354 393 449 452 aciem
468 395 615 462 vertisset,
642 393 766 453 dictator
787 389 930 452 exclamat
950 389 1132 461 Quinctium.

68 508 73 518 ,
161 474 291 555 legatum
312 484 342 537 et
361 493 431 536 suos
450 475 486 536 ab
512 485 597 555 tergo
618 475 734 537 hostem
752 475 884 542 adortos:
909 475 973 553 ipse
988 476 1118 537 redinte-

161 567 246 638 grato
266 559 396 621 clamore
417 558 508 621 insert
526 561 625 622 acrius
645 561 737 636 signa.
772 575 840 619 eum
863 557 938 619 duae
961 561 1040 620 acics
1061 558 1119 619 duo
1139 566 1171 618 ιο

161 643 277 704 diuersa
290 640 405 722 proelia
420 645 637 705 circumventos
657 643 798 704 Etruscos
820 649 850 703 et
874 659 890 702 a
912 642 1010 702 fronte
1031 651 1061 703 et
1082 641 1118 702 ab

160 737 245 804 tergo
258 736 416 806 urgerent,
432 744 530 805 neque
543 729 576 788 in
589 735 684 788 castra
698 737 779 788 retro
794 743 892 803 neque
905 728 937 788 in
951 737 1068 787 montes
1080 760 1116 770 —

161 811 230 871 iude
246 829 278 873 se
294 828 388 872 novus
398 811 491 872 hostis
502 812 654 873 obiecerat
667 843 702 855 -
716 811 773 872 iter
785 811 871 888 lugae
883 819 975 880 esset,
995 817 1025 870 et
1036 811 1119 888 equi·

161 905 222 955 tem
235 897 345 972 passim
362 893 465 956 liberis
475 896 569 957 irenis
578 894 761 957 distulissent
777 896 859 972 equi,
877 895 1041 956 Veientium
1058 912 1118 954 ma-

160 979 237 1038 xima
256 995 326 1056 pars
341 977 474 1040 Tiberim
496 978 581 1040 ellusi
597 987 716 1057 petunt,
738 977 923 1039 Fidenatium
944 979 995 1055 qui
1015 994 1118 1056 super·

160 1071 229 1124 sunt
251 1063 288 1123 ad
307 1061 413 1124 urbem
434 1062 561 1124 Fidenas
583 1063 717 1122 tendunt.
750 1061 841 1122 infert
858 1062 979 1139 pavidos
999 1051 1120 1138 fuga'in
1139 1070 1169 1122 11

130 1217 132 1222 ¹
160 1146 288 1206 mediam
314 1145 450 1212 caedem
473 1144 689 1206 obtruncantur
710 1145 741 1204 in
761 1146 851 1222 ripis;
873 1145 946 1206 alios
967 1146 1120 1223 inaquam

161 1227 321 1305 conpulsos
338 1228 470 1305 gurgites
489 1228 604 1298 lerunt,
626 1230 713 1289 etiam
734 1228 846 1305 peritos
866 1228 957 1288 naudi
979 1227 1120 1288 lassitudo

162 1321 192 1373 et
205 1311 327 1372 uulnera
350 1321 380 1372 ct
400 1327 492 1389 pavor
507 1312 681 1389 degravant;
705 1313 792 1387 pauci
813 1329 849 1372 ex
869 1310 969 1372 multis
991 1319 1119 1372 tranant.

161 1393 288 1456 alterum
303 1411 410 1472 agmen
423 1395 519 1455 lentur
533 1413 588 1474 per
605 1401 700 1455 castra
714 1395 745 1455 in
758 1394 872 1456 urbem.
899 1396 1003 1457 eedem
1018 1403 1047 1456 et
1062 1395 1119 1456 llo·

161 1495 265 1540 manos
277 1485 435 1556 sequentes
448 1479 575 1557 impetus
584 1480 676 1556 rapit,
689 1475 856 1548 Qumcumn
871 1481 998 1542 maxime
1012 1486 1121 1541 etcum
1139 1485 1171 1538 tr

161 1581 197 1624 co
213 1561 370 1641 degressos
385 1561 473 1622 modo
489 1562 705 1633 dementibus,
728 1563 966 1624 recentissimum
986 1564 1024 1625 ad
1037 1562 1120 1625 labo·

159 1663 224 1708 rem
240 1645 378 1715 militem,
394 1647 462 1724 quia
479 1646 580 1707 ultimo
594 1645 709 1726 proelio
725 1646 892 1708 advenerat

223 1729 349 1791 XXXIV.
379 1729 404 1790 li
418 1738 574 1807 postquam
588 1732 672 1791 mixti
688 1728 822 1791 hostibus
832 1740 948 1809 portam
963 1731 1119 1801 intravere,
1139 1746 1152 1797 1

160 1817 191 1874 iu
212 1831 312 1887 muros
329 1811 468 1882 evadunt,
492 1816 613 1891 suisque
627 1815 706 1891 capti
722 1813 824 1892 oppidi
845 1815 962 1892 signum
983 1833 1020 1876 cx
1034 1831 1120 1876 muro

160 1896 276 1959 tollunt.
310 1897 388 1974 quod
405 1895 458 1956 ubi
474 1897 600 1958 dictator
616 1898 771 1975 conspexit
792 1929 827 1942 -
845 1898 904 1957 iam
920 1897 999 1959 enim
1017 1899 1120 1978 etipse
1137 1913 1153 1960 2

159 1985 192 2042 in
208 1982 325 2043 deserta
340 1980 469 2042 hostium
485 1990 582 2042 castra
598 1987 804 2060 penetraverat
817 2013 865 2052 —‚
883 1982 1051 2060 cupientem
1065 1981 1120 2042 ml-

160 2066 243 2126 litem
259 2067 431 2127 discurrere
447 2065 483 2126 ad
497 2063 638 2142 praedam
660 2081 713 2142 spe
727 2065 837 2125 iniecta
852 2065 973 2126 maioris
989 2067 1021 2125 in
1047 2065 1120 2127 urbe

160 2148 288 2229 praedae
304 2150 344 2211 ad·
357 2161 474 2228 portam
490 2149 585 2219 ducit,
608 2158 804 2226 receptusque
818 2147 895 2208 iutra
911 2166 1013 2209 muros
1026 2149 1058 2209 iu
1073 2167 1120 2210 ar-

160 2251 241 2303 cem,
262 2251 320 2312 quo
336 2251 425 2294 ruere
440 2233 616 2311 fugientium
637 2231 754 2292 turbam
773 2231 902 2302 videbat,
924 2235 1031 2310 pergit.
1064 2250 1121 2294 uec
1138 2249 1154 2297 3

159 2321 258 2379 minor
276 2318 382 2379 caedes
403 2318 434 2376 in
449 2316 525 2379 urbe
540 2335 628 2396 quam
649 2319 680 2376 in
701 2315 816 2394 proelio
837 2316 908 2386 luit,
930 2315 1025 2378 donec
1039 2316 1120 2377 abie-

160 2404 215 2463 ctis
231 2402 322 2463 armis
339 2400 413 2461 nihil
427 2411 547 2479 praeter
561 2403 650 2462 vitam
660 2407 796 2478 petentes
814 2400 949 2460 dictatori
963 2399 1119 2460 deduntur.

159 2484 233 2544 urbs
250 2495 346 2544 castra
361 2485 551 2561 diripiuntur.
582 2490 701 2562 postero
725 2484 774 2543 die
794 2481 917 2560 singulis
938 2485 1059 2561 captivis
1081 2484 1117 2543 ab
1138 2493 1154 2540 4

160 2569 259 2645 equite
275 2567 311 2627 ad
327 2567 533 2628 centurionem
548 2577 629 2627 sorte
647 2566 742 2627 ductis
753 2576 783 2626 et
798 2583 925 2642 quorum
942 2567 1049 2627 eximia
1062 2569 1120 2627 vir-

160 2660 208 2711 tus
229 2650 327 2711 luerat
345 2647 438 2719 binis,
461 2648 527 2710 aliis
552 2650 607 2710 sub
631 2657 741 2710 corona
761 2651 934 2711 venundatis
959 2651 1120 2711 exercitum

160 2735 301 2794 victorem
326 2731 558 2811 opulentumque
577 2733 688 2812 praeda
708 2732 895 2812 triumphans
915 2735 1040 2796 dictator
1061 2733 1120 2795 llo·

160 2835 240 2877 marn
257 2817 391 2885 reduxit:
407 2819 547 2896 iussuque
558 2819 699 2894 magistro
715 2818 846 2894 equitum
862 2817 1001 2880 abdicare
1015 2838 1048 2880 se
1059 2836 1120 2879 ma·
1138 2835 1155 2882 a

161 2903 285 2978 gistratu
303 2902 368 2979 ipse
388 2900 496 2961 deinde
519 2899 636 2961 abdicat
659 2901 706 2962 die
725 2909 807 2963 sexto
823 2902 937 2964 decimo
952 2903 1067 2965 reddito
1087 2904 1119 2963 in

160 3001 234 3062 pace
242 2985 377 3062 imperio,
389 2984 468 3062 quod
479 2986 510 3043 in
520 2983 598 3046 bello
609 2984 791 3064 trepidisque
802 2985 893 3046 rebus
904 2994 1069 3064 acceperat
1080 3019 1116 3030 -

161 3065 254 3128 Classi
273 3083 391 3145 quoque
407 3067 443 3127 ad
459 3066 585 3129 Fidenas
604 3075 767 3145 pugnatum
784 3085 852 3128 cum
867 3069 1038 3132 Veientibus
1055 3071 1120 3148 qui-
1137 3079 1154 3130 o

160 3152 228 3213 dam
241 3154 272 3211 in
284 3149 406 3210 annales
415 3148 574 3221 rettulere,
587 3169 753 3229 rentaeque
764 3151 914 3213 difficilem
924 3162 1012 3230 atquc
1022 3155 1120 3214 incre·

159 3233 282 3296 dibilcm
299 3251 356 3295 nec
372 3249 452 3293 nunc
469 3232 528 3294 lato
540 3236 610 3296 satis
622 3235 658 3294 ad
669 3234 728 3295 hoc
738 3251 835 3305 amne,
848 3243 949 3296 ettum
961 3234 1119 3315 aliquanto,

159 3324 193 3379 ul
206 3337 223 3380 a
234 3315 386 3380 veteribus
397 3319 580 3395 accepimus,
594 3319 718 3388 artiore,
730 3319 788 3378 nisi
799 3319 830 3378 in
841 3321 967 3380 traiectu
977 3321 1055 3383 lorte
1066 3319 1120 3380 llu·
1138 3331 1153 3377 t

161 3403 248 3464 minis
254 3401 442 3480 probibendo
451 3399 616 3478 aliquarum
625 3402 742 3462 navium
750 3418 929 3464 concursum
935 3405 966 3464 in
973 3405 1076 3474 maius,
1088 3411 1121 3463 ut

157 3485 201 3557 lit,
214 3484 400 3548 celebrantes
416 3485 527 3546 navalis
540 3487 680 3548 uictoriae
696 3502 803 3547 vanum
813 3485 931 3548 titulum
942 3491 1119 3567 appetivere.
