2534 3956
230 221 291 284 354
440 233 536 275 arsen
552 234 593 276 vr.
621 232 690 275 cnr.
706 223 750 277 40.
777 212 817 294 [a.
834 234 863 272 ιι.
880 234 906 274 o.
927 210 990 292 386]

229 381 409 444 contendere
425 382 533 452 ausim,
556 379 700 451 Quirites,
714 381 796 458 xnisi,
821 397 897 457 quac
919 397 975 459 pro
994 381 1133 442 universa
1153 399 1181 440 re

229 463 347 545 publica
358 466 445 536 liant,
463 483 497 526 ea
508 463 590 544 plebi
600 472 749 541 tamquam
764 462 851 524 aliam
862 461 1005 524 incolenti
1014 462 1122 524 urbem
1136 464 1181 524 ad·

229 567 314 611 versa
330 551 502 628 qutsputet,
525 545 599 608 nihil
615 565 670 609 nos
690 563 788 625 nepae
810 539 939 626 privatos
960 559 1057 624 neque
1078 547 1110 607 in
1125 565 1181 608 ma·

229 631 416 711 penatibus,
440 631 518 710 qnod
542 631 762 692 incommodum
781 629 863 708 plebi
884 637 974 700 esset,
996 631 1123 692 scientes
1143 631 1170 692 lc

230 717 320 786 cisse,
336 733 393 778 nec
409 715 503 776 ullum
518 713 628 776 lactum
641 714 787 776 dictumve
802 721 942 792 nemum,
954 721 1057 774 canu-a
1077 713 1182 775 milita·

228 807 434 870 temnentem,
452 799 505 860 etsi
519 798 664 877 qtuedam
673 805 778 859 cotnra
787 797 964 859 voluntatem
979 797 1099 868 inerint,
1116 815 1182 858 vere

196 897 213 949 o
229 884 337 945 referri
357 901 454 962 posse.
481 899 520 942 an
539 881 612 952 boc,
636 883 662 943 si
677 881 814 944 Claudiae
837 879 966 942 familiae
983 893 1044 940 non
1058 883 1114 942 sim
1130 897 1183 942 nec
1211 884 1213 888 ’

230 985 265 1029 ex
285 967 411 1044 patricio
431 967 575 1044 sangtrine
598 971 694 1035 crtus,
717 965 862 1027 sedunus
879 961 1035 1034 Quiritium
1052 964 1183 1042 quilibet,

230 1049 388 1127 quintode
408 1067 455 1110 me
477 1047 593 1111 duobus
614 1050 750 1126 ingenuis
771 1055 874 1130 ortum⁹
886 1055 915 1109 et
929 1050 1027 1109 vivere
1044 1049 1074 1108 in
1091 1047 1184 1110 libera

195 1147 210 1194 t
229 1133 343 1195 civitate
358 1134 465 1202 sciam,
481 1133 608 1194 reticere
621 1134 747 1212 possim,
762 1133 794 1193 b.
809 1130 892 1192 illum
909 1133 1041 1194 sexuum
1052 1139 1081 1193 ct
1094 1132 1125 1194 C.
1137 1131 1185 1192 Li·

229 1218 356 1286 oinium,
371 1223 546 1294 perpetuos,
561 1218 587 1277 si
602 1217 658 1278 dlis
669 1215 783 1294 placet,
800 1215 951 1285 tribunos,
966 1221 1078 1276 tantum
1093 1215 1185 1276 licen·

229 1304 286 1362 tiae
297 1313 403 1361 novem
415 1300 500 1361 annis
511 1297 619 1377 quibus
628 1307 755 1378 regnant
762 1301 932 1378 mnrpsisse,
943 1297 1067 1359 utvcbis
1076 1310 1187 1376 negent

228 1390 404 1463 potestatem
417 1381 544 1444 liberam
555 1383 686 1460 suffragii
701 1399 761 1443 non
772 1383 804 1442 ln
814 1381 939 1443 comitiis
954 1398 1015 1442 non
1028 1383 1060 1441 in
1070 1381 1187 1460 legibus

194 1476 210 1527 8
227 1466 367 1528 iubendis
392 1485 424 1527 se
445 1467 643 1544 permiaeuros
668 1466 751 1528 ossei
776 1465 853 1536 ,sub
873 1466 1069 1526 condiclone“
1090 1468 1188 1546 inquit

229 1568 303 1621 „nes
317 1551 456 1611 reficietis
473 1550 619 1610 dcoinrum
633 1549 799 1612 tribunos&
831 1549 902 1628 qnid
918 1557 963 1611 est
977 1548 1056 1610 alind
1070 1550 1186 1611 dicere:

229 1633 307 1712 quod
329 1639 433 1712 petunt
451 1631 513 1702 alii,
536 1649 593 1695 nos
612 1633 687 1696 adeo
708 1633 885 1703 fastidimus,
909 1640 941 1692 ut
964 1633 1028 1694 sine
1047 1634 1188 1695 mercede

194 1731 211 1781 9
227 1733 405 1795 magnanon
417 1717 605 1797 accipiamus.
635 1717 687 1779 sed
708 1733 783 1795 quae
797 1717 917 1778 tandem
933 1718 988 1778 ista
1003 1733 1118 1778 merces
1132 1725 1179 1778 est

229 1819 285 1879 qua
307 1817 359 1862 vos
380 1817 499 1878 semper
523 1799 660 1862 tribunos
681 1800 777 1880 plebis
794 1800 973 1862 babeamus?
987 1808 1040 1871 „ut
1055 1803 1188 1878 rogatio·

228 1892 303 1945 nesu
317 1885 413 1961 inqiut
428 1891 574 1955 „nostras
587 1902 641 1946 sau
657 1884 776 1962 placent
786 1901 839 1946 seu
851 1883 1016 1962 displicent,
1032 1901 1084 1945 sen
1098 1883 1189 1945 utiles

181 1979 210 2031 to
228 1985 281 2030 seu
297 1967 418 2029 inutiles
433 1975 517 2038 sunt,
534 1983 637 2030 omnes
654 1969 834 2030 coniunctim
849 1968 1028 2046 accipiatis“.
1058 1966 1188 2029 obsecro

211 2046 291 2123 tos,
313 2049 467 2128 Tarquinii
493 2051 605 2112 uibuni
625 2049 737 2131 plebis,
760 2059 860 2131 potate
878 2065 926 2112 nte
941 2069 977 2113 ex
1001 2051 1096 2113 media
1112 2068 1188 2111 con·

227 2137 306 2197 bone
321 2152 414 2196 unum
431 2134 524 2196 civem
537 2135 719 2196 succlamare
731 2134 829 2204 „bona
841 2135 926 2196 venia
936 2141 1032 2196 vestra
1049 2133 1139 2195 liceat
1152 2153 1188 2195 ex
1224 2203 1225 2206 Ἴ

225 2218 272 2280 bis
283 2218 486 2297 rogationibus
496 2217 607 2290 legere
616 2233 688 2292 qaas
699 2215 833 2279 salubres
843 2217 931 2280 nobis
942 2235 1097 2280 censemus
1109 2235 1188 2286 esse,

180 2314 207 2363 tl
226 2304 381 2379 antiquare
395 2295 496 2356 alias“.
527 2304 628 2366 „non“
641 2298 739 2374 inquit
754 2299 884 2370 „licebit
919 2309 952 2362 tu
966 2302 1003 2364 de
1019 2301 1124 2363 fenore
1143 2308 1190 2362 at·

225 2401 282 2462 que
298 2379 392 2458 agris,
410 2379 489 2458 quod
505 2378 602 2440 advos
613 2395 715 2442 omnes
731 2385 873 2458 pertinet,
890 2384 1008 2456 iubeas,
1024 2394 1053 2446 et
1071 2417 1106 2429 ·-
1126 2384 1189 2444 boc

225 2465 356 2545 portanti
372 2481 434 2524 non
452 2464 504 2524 flat
522 2463 554 2523 in
576 2461 652 2524 urbe
668 2461 815 2532 Romana,
836 2467 933 2543 nti-NL.
951 2469 1083 2530 sextium
1099 2464 1190 2525 illum

226 2555 313 2627 atque
335 2548 416 2609 buno
437 2548 542 2612 Gaium
563 2539 709 2608 Licinium
730 2546 882 2614 consonos,
912 2551 991 2622 quoti
1010 2547 1178 2624 indignaris

226 2632 304 2710 quod
319 2631 509 2701 abominaris,
522 2630 639 2692 videas?
654 2637 704 2690 ant
714 2631 812 2690 emnia
825 2631 925 2709 accipe
940 2636 990 2690 aut
1001 2629 1074 2689 nihil
1085 2630 1188 2691 fero“.

180 2723 207 2772 ιι
225 2723 258 2775 ut
268 2715 293 2776 sl
303 2716 368 2794 qais
382 2717 419 2785 ci,
437 2727 524 2792 quom
536 2720 640 2791 augeat
653 2712 755 2782 fames,
767 2725 913 2774 venenum
923 2719 1014 2791 ponat
1023 2728 1090 2772 cum
1103 2711 1184 2788 cibo,

226 2808 255 2860 ct
267 2805 316 2858 ant
331 2797 481 2861 abstinere
496 2813 531 2858 eo
545 2796 624 2876 qnod
638 2794 724 2857 nale
739 2798 776 2857 sit
791 2794 906 2865 iubeat,
928 2803 977 2856 aat
994 2796 1187 2857 mortiferum

225 2881 304 2942 vitali
320 2881 486 2942 admisceat.
516 2895 587 2957 ergo
600 2881 625 2940 si
642 2886 720 2942 esset
735 2878 829 2941 libera
844 2878 918 2941 haec
929 2879 1038 2948 clvltas,
1053 2895 1114 2938 non
1129 2879 1187 2940 tibi

225 2965 397 3043 frequentes
417 2962 647 3026 succlamassent
667 2959 735 3033 „abi
759 2962 829 3023 hinc
852 2979 919 3023 cum
934 2961 1133 3023 tribunatibus
1149 2981 1187 3023 ac

225 3047 430 3126 rogationibus
445 3048 541 3109 torisi“
555 3047 646 3125 quid?
659 3047 685 3107 si
700 3052 733 3107 tu
747 3062 808 3106 non
825 3045 942 3116 tuleris,
958 3047 1037 3123 quod
1052 3063 1186 3106 commo-

162 3127 208 3189 ’13
226 3132 295 3192 dum
317 3139 361 3193 est
380 3130 490 3210 populo
511 3131 662 3209 accipere,
686 3147 774 3192 nemo
797 3131 854 3191 erit
873 3131 924 3208 qati
946 3130 1022 3190 ierat
1042 3128 1136 3189 illudi
1158 3131 1186 3191 si

226 3216 291 3293 quis
307 3215 449 3294 patricius
467 3215 491 3276 si
511 3216 576 3292 quis
591 3243 626 3260 ‹-
644 3214 724 3291 quod
744 3211 787 3273 illi
800 3213 908 3274 uolunt
929 3213 1101 3274 invidiosius
1116 3231 1186 3274 esse

175 3307 177 3312 '
228 3331 263 3344 -
281 3297 419 3360 Claudius
434 3298 546 3360 diceret
568 3299 755 3368 „calomnia
776 3299 901 3376 accipite
924 3301 975 3358 aut
996 3295 1070 3356 nihil
1085 3296 1184 3366 fero“,

177 3394 207 3444 14
226 3382 291 3458 quis
312 3388 453 3451 vestrum,
476 3379 619 3450 Onlrites,
642 3381 753 3442 ferreti
773 3397 972 3458 numquamne
988 3397 1040 3440 vos
1060 3397 1109 3440 res
1127 3395 1183 3460 po-

227 3463 282 3524 tius
297 3480 384 3540 quarn
406 3473 541 3527 auctores
559 3463 743 3543 spectabitis,
763 3465 815 3527 sed
834 3467 932 3526 omnia
950 3479 1082 3542 semper,
1104 3478 1184 3539 quae
