2572 3956
59 2707 61 2717 .
149 2667 243 2743 rique.

322 267 415 308 ornus
435 267 456 308 r.
484 218 553 308 oar.
569 260 613 312 55.
627 258 670 312 56.
692 247 741 330 ,[a.
758 249 790 310 O.
807 250 935 331 aud-oro]
1062 258 1103 317 t'i
1147 241 1150 247 ⁷

154 415 212 476 risa
227 416 342 493 species
356 413 435 474 baud
449 429 504 492 per
519 411 656 493 ambages
671 431 769 476 arcem
785 433 849 478 eam
865 417 983 495 imperii
1002 425 1103 496 caput·

152 515 210 576 quc
229 515 332 559 rerum
358 495 423 558 lore
448 496 659 574 portendebat;
685 501 774 577 idque
794 501 833 560 ita
855 501 991 562 cecinere
1014 507 1101 572 ratae,

152 583 262 662 qunque
277 583 309 640 in
323 579 398 643 urbe
414 589 505 651 erant,
522 597 654 659 quosque
669 583 705 643 ad
721 599 786 644 eam
800 597 864 644 rem
881 582 1103 646 consultandam

153 683 188 726 ex
208 663 326 724 Euroia
349 667 523 726 acciverant.
557 665 718 742 augebatur
737 666 773 726 ad
788 669 928 744 inpensas
946 668 1024 744 regis
1040 669 1102 727 ani-

151 767 225 810 mus.
256 749 354 824 itaque
375 747 543 808 Pometinae
566 747 737 819 manubiae,
762 765 837 826 quae
860 749 1050 828 perducendo
1066 751 1137 811 adt

127 861 130 866 ¹
152 831 269 894 culmen
291 832 375 910 operi
392 830 551 892 destinatae
568 839 665 902 erant,
686 834 733 893 vix
746 835 777 893 in
792 833 981 894 fundamenta
995 849 1102 912 suppe-

152 915 288 976 ditavere.
329 931 363 974 eo
382 915 475 992 magis
495 912 603 984 Fabio,
625 923 833 994 praeterquam
856 917 935 994 quod
954 918 1102 994 antiquior

153 1006 210 1068 ost,
232 995 409 1060 crediderim
424 995 616 1076 quadraginta
638 998 748 1060 casola
763 999 870 1060 talenta
887 1000 992 1071 luisse,
1015 1017 1103 1077 quarn

150 1081 265 1151 Pisoni,
287 1081 337 1158 qui
357 1081 547 1158 quadraginta
568 1081 647 1140 milia
667 1083 768 1160 pondo
792 1085 906 1161 argenti
925 1085 1053 1160 seposita
1071 1085 1137 1144 int

152 1179 216 1226 eam
242 1182 307 1225 ram
332 1163 451 1235 scribit,
477 1165 586 1243 quippe
617 1181 759 1226 summam
780 1165 1045 1244 pecuniae'nequc
1067 1185 1103 1228 ex

149 1249 238 1310 unius
259 1255 321 1308 tum
342 1246 425 1308 urbis
446 1247 556 1326 praeda
572 1248 757 1325 sperandam,
776 1257 805 1310 et
819 1248 927 1310 nullius
941 1265 980 1310 ne
995 1249 1103 1309 borum

153 1332 270 1410 quidem
291 1329 524 1408 magnificentiae
546 1344 670 1408 operum
689 1331 877 1394 fundamenta
898 1347 958 1392 non
979 1347 1102 1412 exsupe-

150 1422 289 1475 caturam.

212 1497 281 1558 bil.
313 1495 443 1558 intentus
462 1497 643 1575 perficiendo
669 1497 779 1578 teinplo
804 1497 897 1560 labris
917 1499 1047 1576 undique
1068 1507 1134 1562 ext

150 1581 266 1642 Etruria
280 1581 387 1662 accitis
402 1595 462 1640 non
476 1581 602 1659 pecunia
617 1581 712 1642 solum
728 1582 764 1642 ad
780 1582 812 1642 id
831 1581 949 1660 publica
965 1592 1009 1644 est
1022 1600 1102 1654 usus,

150 1664 201 1726 sed
227 1666 326 1742 operis
346 1663 433 1724 etiam
448 1663 594 1742 explebe.
625 1665 675 1742 qui
693 1679 760 1724 cum
780 1665 859 1725 haud
873 1683 981 1743 parvus
996 1668 1102 1744 etipse

149 1746 270 1808 militiae
292 1745 450 1808 adderetur
470 1745 570 1818 labor,
592 1749 690 1809 minus
710 1755 808 1809 tamen
825 1747 910 1828 plebs
927 1747 1102 1826 gravabatur

150 1850 181 1893 se
198 1827 307 1910 templa
331 1831 418 1891 deum
437 1831 629 1892 exaedificare
651 1830 786 1892 manibus
811 1833 885 1900 suis,
914 1849 1000 1908 quam
1022 1839 1137 1911 post-2

150 1931 238 1994 mam
260 1921 289 1975 et
308 1915 345 1975 ad
366 1912 438 1982 alia,
464 1923 496 1974 ut
516 1915 616 1993 specie
634 1915 749 1975 minora
767 1917 809 1978 sio
826 1913 936 1975 laboris
954 1913 1102 1991 aliquanto

150 1999 286 2068 maioris,
311 1995 543 2058 traducebantur
568 2013 675 2076 opera,
700 1997 782 2058 loros
807 1999 838 2057 in
853 1999 934 2058 circo
951 1998 1103 2059 iaciendos

149 2082 339 2159 cloacamque
354 2081 519 2152 maximam,
537 2079 760 2158 receptaculum
777 2083 908 2140 omnium
923 2095 1102 2160 purgamen-

148 2175 246 2226 torum
264 2163 354 2235 orbis,
373 2163 427 2224 sub
442 2171 553 2226 terram
569 2164 727 2242 agendam;
754 2163 861 2242 quibus
873 2164 989 2226 duobus
1005 2165 1103 2242 operi-

148 2248 205 2309 bus
238 2249 286 2308 vix
315 2263 388 2307 nova
416 2247 490 2308 baec
514 2249 731 2326 magnificentia
756 2250 913 2326 quicquam
939 2248 1104 2325 adaequare

148 2333 251 2411 potuit.
276 2331 323 2392 his
337 2329 489 2391 laboribus
502 2333 632 2392 exercita
647 2330 744 2408 plebe,
761 2335 829 2408 quia
844 2339 874 2392 et
892 2329 960 2392 mot
974 2331 1103 2392 multitu·
1121 2344 1139 2397 a

150 2415 258 2484 dinem,
275 2413 326 2474 ubi
340 2430 411 2475 usus
425 2431 487 2474 non
503 2422 593 2485 esset,
611 2416 695 2474 oneri
710 2414 831 2475 rebatur
845 2431 926 2484 esse,
943 2423 973 2475 et
989 2415 1103 2475 colonis

150 2497 297 2559 mittendis
318 2498 457 2575 occupari
477 2496 565 2558 latius
583 2499 702 2576 imperii
723 2497 797 2558 lines
818 2495 949 2565 volebat,
972 2497 1104 2574 Signiam

150 2582 338 2658 OErceiosque
355 2579 479 2641 colonos
494 2583 581 2650 misit,
596 2579 742 2657 praesidia
759 2580 826 2640 urbi
843 2581 940 2640 lutura
952 2588 1030 2640 terra
1042 2597 1103 2639 ma·

206 2745 286 2809 llaec
308 2747 405 2826 agenti
420 2755 589 2825 portentum
606 2745 739 2808 terribile
753 2747 859 2807 deum:
884 2747 987 2824 anguis
1002 2765 1037 2807 ex
1052 2763 1103 2806 oo·
1121 2762 1138 2811 4

148 2831 248 2892 lomna
268 2829 366 2909 lignea
395 2828 511 2908 elapsus
533 2845 601 2890 cino
619 2836 765 2891 terrorem
789 2829 947 2906 fugamque
968 2831 1000 2888 in
1020 2831 1104 2907 regia

149 2915 275 2984 iecisset,
294 2917 387 2993 ipsius
400 2915 480 2992 regis
492 2921 622 2976 nontam
634 2911 731 2974 subito
743 2912 1105 2992 pavoreperculitpectus
1211 2958 1231 2968 ..
1251 2946 1271 2962 ··

150 3013 237 3074 pram
260 2998 354 3058 anxiis
374 2997 497 3075 inplevit
520 2998 609 3057 curis.
638 2997 737 3074 itaque
755 3013 822 3057 cum
842 2996 878 3056 ad
899 2996 1016 3074 publica
1034 3013 1104 3074 pro·
1121 3002 1140 3053 o
1259 2993 1267 3063 “,

149 3079 226 3158 digia
241 3080 358 3142 Etrusci
372 3088 484 3140 tantum
500 3087 579 3141 vates
592 3078 818 3148 adhiberentur,
838 3078 896 3138 boc
911 3079 990 3140 velut
1003 3078 1103 3139 dorne·

148 3165 222 3225 atico
243 3164 401 3224 exterritus
424 3165 487 3224 visu
501 3162 630 3241 Delphos
648 3163 685 3223 ad
709 3162 834 3222 mariana
848 3160 982 3221 inclitum
998 3163 1028 3220 in
1044 3168 1103 3222 ter·

51 3239 55 3248 '
147 3248 190 3308 ris
207 3245 361 3308 oraculum
375 3248 493 3308 mittere
507 3247 614 3308 staurit.
643 3262 741 3324 neque
759 3261 902 3322 responsa
916 3245 1040 3305 sortium
1050 3241 1138 3304 ullit

148 3327 198 3391 alii
219 3331 403 3392 committere
424 3347 513 3392 auurs
534 3330 608 3390 uras
629 3328 705 3390 iiiios
725 3327 915 3406 perignotae
936 3345 968 3388 ea
991 3333 1103 3406 tempe·

149 3419 222 3475 state
235 3421 340 3484 terras,
355 3415 501 3493 ignotiora
519 3413 627 3482 maria,
643 3414 675 3472 in
689 3411 845 3474 Graeciam
860 3411 947 3471 misit.
978 3410 1060 3472 l‘inrs
1074 3414 1136 3471 eit

150 3499 262 3558 Arruns
276 3498 412 3576 profecti.
445 3512 544 3557 comes
558 3497 595 3556 iis
610 3495 724 3556 additus
739 3494 770 3554 L.
784 3495 884 3555 lunius
895 3492 1013 3563 Brutus,
1030 3493 1102 3554 Tar·
1142 3522 1144 3525 v
