2580 3954
239 217 301 281 158
372 231 468 274 ursus
482 231 531 273 111.
561 231 631 274 cur.
649 224 692 278 34.
708 225 752 278 35.
781 215 821 293 [a.
838 233 867 274 ιι.
888 233 911 273 c.
928 223 989 279 ³08.
1006 216 1070 293 304]

204 379 312 448 olaus
331 382 426 459 magu
444 397 531 459 quam
551 379 654 442 tulisse
673 380 767 441 videri
787 388 895 460 posset.
927 397 994 442 cum
1009 382 1045 443 ad
1061 399 1202 445 rumores

237 465 392 527 homiuum
415 465 452 526 de
476 479 656 541 unoquoque
675 462 774 541 legum
795 467 890 543 capite
918 465 1012 527 editos
1037 466 1107 528 satis
1131 483 1201 528 cor·

237 555 338 611 rectae
354 549 540 617 viderentur,
561 549 732 608 centuriatis
752 549 880 610 comitiis
904 549 1008 611 docem
1030 547 1200 612 tabularum

238 632 320 712 leges
341 631 472 712 perlatae
491 637 572 700 suut,
595 647 671 708 qaue
692 647 773 692 nunc
796 647 915 711 quoque
933 634 966 694 iu
984 632 1043 694 hoc
1062 635 1200 696 inmenso

239 717 364 779 aliarum
380 733 471 794 super
482 715 554 777 allas
565 721 766 776 acervatarum
781 715 879 794 legum
892 715 1010 778 cumulo
1021 717 1088 779 lons
1101 719 1201 780 omnis

203 815 220 866 ¹1
237 800 350 882 publici
365 801 530 879 privatique
544 805 589 860 est
602 800 685 860 iuris,
717 798 852 878 vulgatur
873 801 981 862 delude
1003 819 1108 862 mmor
1126 801 1201 863 duas

235 887 342 947 deesse
355 882 484 954 uanas,
503 881 613 960 qulbus
625 882 876 946 adiectlsabsolri
892 901 981 964 posse
995 885 1075 947 velat
1088 903 1201 964 corpus

238 969 335 1030 omnis
349 967 571 1032 Romaniiaris.
586 981 622 1028 ea
635 969 817 1047 expectatio,
842 985 909 1029 cum
931 969 994 1031 dies
1009 970 1198 1030 comitiorum
1280 975 1281 1016 l

237 1053 499 1134 adpropinquaret,
516 1051 697 1112 desiderium
707 1051 892 1114 decemviros
902 1056 1010 1114 iterum
1021 1052 1145 1114 creandi
1155 1054 1200 1115 le·

203 1146 221 1200 8
238 1138 286 1198 cit
318 1137 376 1198 iam
389 1134 485 1214 plebs,
501 1136 806 1214 praeterquamquod
823 1136 978 1198 consulum
992 1153 1102 1199 nomeu
1118 1137 1200 1198 haud

238 1237 324 1284 sacas
344 1235 435 1299 quam
455 1235 561 1298 regum
580 1237 687 1299 perosa
707 1227 788 1291 erat,
811 1237 849 1282 ne
868 1220 1061 1282 mauricium
1076 1221 1199 1298 quidem

238 1303 378 1448 auxiliuen
415 1303 588 1386 cedentibus
621 1305 653 1364 in
679 1305 774 1366 vicem
799 1304 996 1384 appellatione
1024 1305 1198 1367 decumum

239 1407 348 1467 quaere
371 1397 407 1448 at.
766 1405 769 1408 ·

205 1487 220 1539 i
301 1472 413 1533 XXXV.
443 1473 604 1548 Postquam
628 1489 699 1532 vero
719 1475 841 1534 comitia
863 1473 1038 1536 decemviris
1063 1475 1198 1536 creandis

237 1559 270 1618 in
290 1559 401 1617 ιιιιιιιιιι
423 1556 590 1616 nundinum
612 1556 722 1616 indicta
737 1565 823 1629 sant,
845 1565 926 1619 tanta
942 1560 1051 1621 exarsit
1066 1558 1197 1628 ambitio,

237 1647 271 1703 ut
294 1642 442 1719 primores
466 1655 586 1717 quoque
611 1641 735 1702 cidmtis
752 1671 787 1686 -
804 1650 902 1713 ‘metm
929 1642 1036 1714 eredo,
1063 1660 1100 1704 ne
1125 1644 1197 1704 tanti

238 1725 387 1805 possessio
404 1724 528 1803 imperii
547 1737 640 1786 uacuo
662 1723 699 1785 ab
715 1743 750 1787 se
770 1725 876 1790 relicto
892 1725 958 1788 loco
972 1726 1053 1788 haud
1065 1727 1137 1788 satis
1154 1727 1197 1787 di·
1245 1793 1249 1800 ,

239 1811 305 1889 gnis
318 1815 433 1887 pateret
448 1838 484 1853 -
504 1816 681 1886 premerent
696 1809 832 1873 homiues
846 1810 993 1875 honorem
1009 1827 1122 1873 summa
1136 1829 1198 1889 ope

238 1911 308 1956 ase
328 1894 524 1972 impugnatum
552 1891 589 1952 ab
610 1911 644 1955 ea
664 1892 766 1972 plebe,
793 1910 861 1955 caan
886 1913 944 1975 qua
974 1895 1197 1965 contenderant,
1273 1887 1281 1919 ¹

203 1976 412 2058 asuppliciter
432 1983 576 2055 petentes.
613 1978 732 2040 diruisse
753 1980 812 2039 iam
832 1980 863 2039 iu
888 1979 1049 2041 discrimen
1072 1979 1198 2058 dlgnltos
1281 2029 1282 2032 ,

239 2079 273 2125 ea
289 2067 382 2123 aetate
404 2061 499 2139 iisque
514 2060 679 2122 bonoribus
700 2064 772 2124 actis
787 2062 955 2123 abundabat
968 2063 1097 2142 alppium
1112 2061 1197 2125 Clau·

122 2162 125 2168 ·
238 2147 329 2208 dium.
351 2146 491 2214 nescires,
507 2151 606 2206 aruum
625 2143 704 2208 irrter
719 2145 901 2209 decemviros
917 2162 954 2207 an
966 2147 1047 2208 inter
1058 2146 1197 2208 candida·

202 2249 220 2302 u
236 2237 284 2296 tes
304 2243 487 2290 numerares.
515 2231 639 2307 propior
654 2230 803 2292 interdum
816 2230 945 2312 petendo
960 2245 1050 2310 quam
1062 2231 1196 2310 gerendo
1260 2250 1267 2271 ⁶

237 2314 421 2395 magistratui
435 2318 512 2372 erat:
535 2313 686 2374 crimirrari
703 2317 873 2393 optimates,
900 2311 1041 2377 extollere
1057 2315 1197 2376 candida·

203 2420 220 2472 5
237 2409 335 2463 torum
348 2395 531 2462 levissimum
546 2411 694 2474 quemque
710 2397 983 2476 humillimumque:
1002 2401 1067 2478 ipse
1082 2399 1198 2461 medius

236 2487 315 2547 inter
329 2480 520 2551 trlbmriuios,
534 2479 666 2542 liuellios
681 2480 847 2560 Iciliosque,
860 2485 894 2543 in
909 2483 975 2543 loro
992 2481 1127 2554 volitare,
1142 2500 1198 2562 per

237 2569 305 2631 lbos
317 2587 351 2631 se
366 2567 448 2648 plebi
461 2564 623 2639 venditare,
641 2566 738 2628 donec
754 2566 885 2645 collegae
902 2581 1030 2646 quoque,
1047 2568 1198 2646 quiunice

237 2652 281 2714 llli
295 2652 388 2714 dediti
402 2651 520 2712 lucrant
533 2651 571 2712 ad
586 2653 617 2712 id
631 2657 764 2732 ternpus,
783 2652 940 2713 coniecere
956 2653 986 2712 in
1005 2650 1198 2721 cumoculos,

203 2738 395 2807 omirautcs,
416 2733 488 2813 quid
509 2733 569 2796 albi
589 2734 686 2799 vellet.
722 2752 867 2816 apparere
888 2733 961 2794 nihil
982 2737 1092 2797 sinceri
1115 2752 1197 2803 esse:

237 2821 372 2902 proiecto
387 2818 467 2880 haud
482 2821 639 2895 gratuitam
653 2821 684 2880 in
700 2827 778 2882 tanta
790 2820 929 2900 superbia
941 2819 1108 2881 courltatem
1120 2817 1195 2879 iore.

237 2906 362 2965 nimium
377 2905 409 2963 lu
430 2903 565 2964 ordinem
586 2921 619 2965 se
640 2905 737 2983 ipsum
754 2919 863 2984 cogere
882 2910 910 2966 et
924 2903 1037 2983 uolgari
1051 2919 1119 2966 cum
1134 2903 1196 2982 pri-

237 2989 311 3050 uatis
329 3005 389 3048 nou
409 2993 469 3048 ῑιιιι
494 2989 681 3066 properantis
704 2985 787 3050 abire
808 2990 978 3066 magistratu
1003 3003 1094 3066 quam
1118 2987 1195 3047 mam

205 3084 222 3135 7
238 3073 276 3135 ad
290 3071 521 3134 continuandum
539 3073 741 3150 magistratum
755 3074 925 3150 quaerentis
942 3089 1015 3135 esse.
1040 3068 1195 3152 propalam

238 3155 355 3217 obviam
369 3157 413 3216 ire
424 3155 576 3234 cupiditati
586 3169 692 3234 parum
700 3158 768 3218 'aursi
776 3153 1005 3218 obsecundando
1017 3153 1195 3215 mollireim·
1280 3161 1282 3166 ’

237 3247 339 3320 petum
352 3237 572 3316 adgrediuntur.
592 3239 780 3302 courltiorum
792 3237 1064 3308 illibabendorum,
1076 3236 1195 3315 quaudo

204 3333 222 3385 a
237 3325 378 3386 minumus
400 3328 471 3384 natu
490 3325 542 3394 sit,
567 3339 675 3386 munus
690 3339 843 3387 consensu
861 3325 1028 3402 iniungant.
1059 3339 1108 3384 ars
1121 3320 1195 3382 haec

240 3415 312 3478 erat,
323 3422 363 3469 rte
378 3411 471 3470 semet
493 3407 557 3486 ipse
572 3425 675 3472 creare
688 3415 805 3490 posset,
827 3408 906 3487 quod
925 3414 1044 3488 praeter
1059 3404 1194 3467 tribuum

239 3490 330 3572 plebi,
346 3498 375 3553 et
387 3490 419 3552 id
432 3490 529 3570 ipsum
544 3493 673 3569 pessimo
689 3492 834 3572 exemplo,
846 3505 937 3554 nemo
952 3505 1093 3571 umquam
1108 3488 1197 3552 fecis·
