2572 3956
319 185 415 228 menn
429 183 465 230 rr.
492 185 553 229 oar
569 177 613 230 lt.
630 177 674 232 13.
699 166 743 252 [a.
760 167 796 228 0.
810 166 876 252 508]
1033 174 1074 236 'id

118 353 176 418 pcr
196 332 340 414 trepidam
361 333 480 396 turbam
502 340 625 395 cruento
643 349 786 396 mucrone
805 333 863 395 sibi
879 335 943 416 ipsc
962 335 1078 398 iecerat

119 423 211 489 uiam,
235 435 303 478 cnm
325 435 473 479 concursu
493 416 529 478 ad
549 416 709 479 clamorem
735 416 813 478 iacto
836 417 1074 496 conprehensum

116 505 197 582 regii
211 499 351 563 satellites
365 501 571 570 retraxissent,
595 508 662 562 ente
679 499 810 562 tribunal
826 503 906 580 regis
921 501 1074 564 destitutus

118 595 184 648 turn
206 601 324 662 qnoque
344 585 423 646 inter
445 589 541 645 tentas
562 584 698 646 fortunae
714 585 809 646 minas
822 585 1074 663 metuendusqma·

116 673 166 748 gis
182 686 271 747 quam
286 673 431 738 metuens,
445 665 616 738 „Romanus
630 675 717 728 sum“
733 669 830 746 inquit
843 668 944 740 „ciris
964 668 994 731 C.
1010 668 1073 730 Mn·
1090 672 1108 724 9

120 755 201 815 cium
216 757 328 812 vocant.
365 749 458 814 hostis
471 749 586 812 hostem
601 751 737 813 occidere
751 751 846 823 volui,
868 769 925 813 nco
942 752 979 814 ad
993 769 1073 813 mor·

116 845 180 899 tem
200 836 299 896 minus
316 835 407 895 animi
422 841 466 896 est
486 852 575 913 quam
594 835 650 896 tuit
670 835 706 896 ad
726 835 861 898 caedem:
886 842 915 898 et
931 836 1030 898 iacere
1045 842 1075 897 ct
1094 841 1125 895 tt

116 921 183 1001 pati
198 919 286 980 tortia
298 917 465 980 Romanum
486 925 540 980 est.
566 935 623 980 nec
636 936 714 981 unus
727 921 760 980 in
772 925 802 981 te
819 919 943 998 ego-hos
961 921 1074 980 animos

119 1004 213 1084 gessi;
242 1001 348 1081 longus
370 1008 439 1081 post
457 1019 506 1065 me
527 1002 601 1064 ordo
630 1009 674 1066 est
692 1003 772 1066 idem
792 1004 955 1083 petentium
973 1003 1072 1066 decus.

118 1085 247 1168 proinde
261 1087 293 1145 in
307 1085 366 1147 hoc
381 1085 551 1158 discrimen,
566 1088 592 1148 si
605 1087 692 1158 iuvat,
709 1087 873 1166 accingere,
888 1089 962 1149 utin
973 1089 1074 1166 singu·

118 1169 164 1232 ias
177 1170 268 1231 horas
282 1171 379 1252 capite
396 1170 517 1231 dimices
535 1177 599 1240 tuo,
623 1170 737 1232 ferrum
750 1169 925 1250 hostemque
940 1172 971 1231 in
986 1172 1073 1233 resti·

118 1253 192 1315 bulo
206 1252 317 1316 habeas
331 1253 441 1332 regiae.
478 1252 536 1315 hoc
550 1253 604 1314 tihi
619 1255 754 1316 iuventus
769 1254 901 1316 Romana
916 1253 1075 1315 indicimus
1092 1267 1123 1318 11

117 1337 240 1399 bellurn.
269 1336 381 1397 nullam
403 1337 513 1408 aciem,
534 1335 649 1400 nullum
670 1337 817 1417 proelium
841 1339 993 1406 timuerim
1021 1338 1074 1398 uni

115 1420 175 1482 tibi
196 1427 311 1482 etcum
331 1419 455 1500 singulis
476 1437 526 1482 res
547 1422 633 1482 erit.“
663 1437 731 1482 cum
744 1439 798 1483 rex
812 1421 899 1484 simul
915 1423 960 1483 ire
977 1421 1073 1483 inien·
1092 1436 1124 1487 12

119 1523 171 1566 sus
189 1503 383 1583 periculoque
402 1506 581 1566 conterritus
602 1505 780 1567 circumdari
799 1507 876 1584 ignis
893 1503 1074 1567 minitabun-

118 1589 175 1650 dus
196 1587 327 1658 iuberet,
347 1588 404 1648 nisi
429 1595 616 1667 expromeret
634 1605 777 1667 propere,
801 1606 874 1667 ques
898 1589 1074 1650 insidiarum

118 1669 178 1734 sibi
199 1672 294 1732 ndnas
317 1689 373 1750 per
393 1669 531 1750 ambages
549 1673 674 1743 iaceret,
703 1691 763 1743 „en
783 1671 859 1733 ubr‘
879 1674 991 1749 inquit,
1023 1678 1075 1743 „ut
1092 1682 1125 1736 te

120 1755 237 1824 sentias,
254 1771 343 1832 quam
358 1752 415 1815 vile
430 1772 538 1833 corpus
555 1757 594 1817 sit
606 1757 658 1825 ils,
676 1757 727 1834 qni
740 1772 876 1834 magnam
894 1755 1019 1834 gloriam
1032 1757 1074 1815 ri·

118 1844 227 1906 nent;“
251 1838 445 1915 dextramque
465 1855 590 1900 accenso
610 1839 647 1899 ed
666 1839 843 1900 sacrificinm
863 1838 962 1901 ioculo
981 1839 1073 1900 inicit

121 1938 209 1998 quam
224 1937 292 1982 cum
306 1919 385 1982 velut
401 1919 528 1982 alienato
543 1920 580 1983 ab
596 1939 686 1983 sensu
700 1928 829 1983 torreret
846 1924 959 1992 eninm,
980 1938 1075 2000 prope

120 2005 260 2066 attonitus
278 2003 421 2064 miraculo
435 2021 488 2065 rex
502 2022 570 2066 cunr
583 2003 620 2066 ab
635 2005 705 2066 sede
719 2023 772 2066 sua
784 2005 977 2084 prosiluisset
993 2023 1073 2066 emo-

120 2089 242 2165 verique
257 2086 294 2148 ab
314 2086 456 2148 altaribus
468 2089 605 2150 iuvenem
626 2089 772 2159 iussisset,
789 2095 841 2159 „tu
857 2106 927 2151 vero
945 2087 1014 2149 ahi“
1028 2090 1073 2149 in·
1094 2101 1124 2151 14

119 2172 199 2248 queit,
220 2171 271 2241 „in
293 2177 323 2232 te
339 2172 433 2248 magis
455 2186 542 2249 quam
561 2173 593 2232 in
611 2189 659 2234 me
675 2170 792 2234 hostilia
812 2190 909 2234 ausus.
938 2171 1074 2234 iuberem

120 2261 215 2316 macte
235 2255 341 2315 virtute
363 2272 443 2323 esse,
468 2255 494 2314 si
514 2272 569 2332 pro
590 2273 656 2316 mea
678 2257 773 2334 patria
790 2258 845 2318 istu
860 2257 952 2317 virtus
967 2261 1072 2318 staret:

120 2353 200 2398 nunc
221 2338 288 2398 iure
306 2335 377 2398 belli
397 2335 524 2398 liberum
543 2345 573 2400 te
591 2340 733 2411 intectum
754 2336 982 2416 inviolatumque
1002 2338 1074 2400 hinc

121 2421 266 2481 dimitto.“
281 2427 354 2481 tunc
364 2421 477 2482 Mucius
488 2423 572 2497 quast
582 2437 777 2484 remunerans
787 2423 924 2482 meritum
936 2422 1073 2498 ‚meando
1093 2435 1124 2486 15

120 2503 260 2582 quidem“
283 2504 379 2580 inquit
399 2510 464 2574 „est
484 2504 611 2582 opndte
633 2505 732 2566 virtuti
750 2504 860 2574 honos,
882 2510 915 2564 nt
927 2503 1072 2565 beneficio

120 2585 224 2659 tuleris
240 2603 255 2646 e
270 2603 334 2656 me,
352 2585 432 2664 quod
446 2587 535 2648 minis
552 2588 694 2665 nequisti:
715 2589 842 2648 trecenti
856 2589 1073 2648 coniuravimus

120 2671 272 2750 principes
293 2670 450 2731 iuventutis
464 2663 629 2742 Romanae,
651 2678 684 2732 nt
697 2672 728 2730 in
743 2676 773 2733 te
787 2670 843 2731 hac
859 2671 905 2732 via
923 2687 1072 2748 grassare·

121 2769 197 2814 mur.
228 2769 295 2814 mea
320 2755 415 2832 prima
440 2769 506 2814 sors
531 2753 600 2822 init:
628 2756 733 2826 ceteri,
759 2761 918 2832 utcumque
933 2754 1074 2817 ceciderit
1092 2755 1124 2809 lo

52 2886 55 2891 .
84 2868 90 2878 ·
116 2837 219 2916 primi,
235 2833 333 2914 quoad
347 2844 377 2898 te
391 2843 591 2915 opportunum
603 2837 723 2899 iomnna
739 2837 861 2909 dederit,
877 2855 931 2900 suo
949 2839 1073 2916 queisque

119 2927 254 2998 tempore
270 2920 425 2981 aderunt.“
519 2940 521 2944 ⁴

183 3002 258 3064 xm.
280 3002 409 3064 Mucium
427 3002 587 3076 dimissum,
603 3007 651 3066 cui
664 3013 766 3084 postea
786 3005 943 3068 Scaevolae
960 3004 1073 3066 aclade
1093 3021 1105 3070 1

122 3087 241 3149 dextrae
263 3103 368 3148 manus
388 3103 552 3164 cognomen
573 3089 712 3160 inditum,
734 3088 824 3166 iegati
844 3088 999 3150 aPorsina
1013 3087 1073 3148 Ro·

119 3187 198 3231 marn
214 3170 308 3232 secuti
324 3176 407 3231 sunt:
424 3169 497 3231 adeo
510 3178 641 3234 moverat
658 3189 726 3232 eum
741 3180 771 3233 et
783 3171 873 3250 primi
883 3169 1008 3250 periculi
1023 3188 1072 3232 ca·

121 3271 185 3324 sus,
202 3270 263 3331 quo
277 3251 352 3314 nihil
369 3269 403 3314 se
415 3260 534 3332 praeter
547 3271 681 3316 errorem
696 3253 876 3316 insidiatoris
892 3256 1029 3325 texisset,
1043 3261 1074 3316 et
1090 3271 1209 3321 nm*

120 3335 273 3399 subeunda
298 3335 445 3398 dimicatio
466 3337 588 3410 ndens,
619 3344 691 3416 quot
710 3338 855 3399 coniurati
875 3346 1071 3416 superessent,

121 3425 154 3479 nt
172 3421 255 3499 pacis
277 3419 466 3481 condiciones
487 3419 565 3482 nitro
585 3421 679 3484 terret
700 3421 850 3484 Romanis.
882 3423 1021 3483 iactatum
1040 3423 1104 3489 ino
