2548 3954
276 225 372 268 ursus
387 225 408 266 1.
434 224 505 268 car.
524 217 566 270 30.
582 215 626 271 31.
656 203 695 283 [a
712 204 747 267 Ο.
764 205 891 286 dit-dtu]
1021 213 1060 276 33

173 375 234 437 llac
252 374 358 436 dducla
371 375 479 436 virium
489 371 591 437 Tullus
606 371 722 435 Sabinis
733 371 844 436 bellum
855 375 964 444 indicit,
981 377 1061 452 genti
1078 383 1094 432 a

104 479 143 523 ea
156 466 329 538 tempestate
343 456 507 520 secundum
522 457 661 518 Etruscos
676 456 914 536 opulentissimae
928 459 998 519 viris
1012 476 1060 520 ar·

105 545 232 622 misquc.
263 543 412 618 utrimque
429 541 554 601 iniuriae
568 541 662 603 lacteo
677 558 712 601 ac
725 558 775 603 res
786 543 964 620 nequiquam
976 549 1061 602 erant

106 627 264 706 repetitae:
286 624 390 686 'lullus
414 624 451 685 ad
479 623 623 685 Feroniae
645 624 745 684 lanum
766 633 898 686 mercatu
913 625 1094 702 frequentia

106 711 306 789 negotiatores
324 708 473 769 Romanos
492 706 714 786 conprehensos
738 707 931 785 querebatur;
958 707 1059 770 Sabini
1078 712 1096 763 u

104 811 177 855 suos
197 794 281 871 prius
301 794 333 852 in
354 790 454 852 lucum
471 791 639 868 confugisse
660 808 694 851 ac
708 790 819 854 Romae
833 799 971 854 retentos.
1002 791 1059 854 hae

106 893 215 938 causae
235 874 307 936 belli
330 871 509 936 ferebantur.
543 872 661 943 Sabini,
688 873 767 935 haud
788 891 893 954 parum
912 893 1060 936 memores

106 968 137 1021 et
152 974 272 1022 suarum
289 959 396 1018 virium
409 966 525 1036 partem
539 957 650 1019 Romae
665 957 701 1018 ab
718 958 801 1019 'latio
817 959 941 1020 locatam
957 967 985 1020 et
1001 958 1060 1021 llo-

106 1060 224 1104 manam
242 1059 307 1104 rem
320 1057 416 1119 nuper
432 1043 519 1102 etiam
531 1041 695 1103 adlectione
705 1042 808 1121 populi
818 1041 923 1104 Albani
935 1050 1058 1113 auctam,

106 1127 337 1206 circumspicere
352 1132 382 1186 et
394 1125 452 1202 ipsi
466 1131 586 1186 externa
602 1124 718 1186 auxilia.
745 1125 861 1187 Etruria
876 1134 939 1188 erat
952 1128 1058 1198 vicina,
1079 1147 1094 1196 7

106 1210 235 1289 proximi
249 1209 441 1272 Etruscorrun
456 1208 601 1270 Veientes.
625 1209 696 1270 inde
710 1205 748 1268 ob
764 1211 897 1270 residuas
913 1207 1059 1271 bellorum

106 1296 167 1355 iras
182 1294 308 1354 maxime
327 1290 489 1354 sollicitatis
502 1291 538 1352 ad
552 1291 746 1353 delectionem
761 1293 865 1354 animis
879 1292 1060 1354 voluntarios

105 1385 233 1447 traxere,
251 1383 281 1438 et
293 1377 372 1456 apud
385 1393 474 1454 vagos
486 1374 628 1454 quosdam
639 1393 676 1436 cx
691 1376 772 1455 inopi
785 1374 871 1454 plebe
883 1377 971 1439 etiam
981 1393 1059 1437 mer·

106 1479 157 1522 ces
180 1460 285 1521 valuit:
314 1458 434 1538 publico
459 1457 566 1520 auxilio
587 1457 668 1519 nullo
691 1458 779 1519 adiuti
800 1467 884 1532 sunt,
914 1459 1060 1537 valuitque

106 1544 185 1623 apud
202 1545 461 1605 Veientes-nam
475 1543 512 1605 de
528 1544 635 1604 ceteris
646 1544 743 1605 minus
753 1544 861 1606 mirum
877 1551 963 1606 est-
975 1552 1060 1623 pacta

105 1626 181 1688 cum'
204 1625 329 1688 Romulo
358 1627 537 1688 indutiarum
561 1626 642 1688 ddes.
681 1627 752 1688 Cum
777 1626 889 1688 bellum
911 1630 1094 1705 utrimquee

106 1727 221 1773 suruma
244 1728 300 1790 ope
321 1718 477 1788 pararent,
498 1713 631 1789 vertique
654 1712 685 1770 in
702 1728 737 1772 eo
750 1710 978 1781 resumeretur,
1001 1713 1060 1771 utri

108 1796 192 1875 prius
209 1811 290 1854 arma
311 1793 473 1864 inferrent,
493 1799 619 1871 occupat
637 1793 739 1855 'lullus
753 1795 785 1854 ln
800 1811 902 1872 agr-mn
918 1793 1059 1856 Sabinum

108 1879 244 1939 transire.
274 1893 371 1955 pugna
392 1885 476 1937 atrox
495 1878 531 1938 ad
551 1876 653 1938 silvam
673 1875 845 1938 Malitiosam
866 1879 936 1948 luit,
957 1876 1009 1937 ubi
1032 1886 1094 1946 etp

106 1962 240 2045 peditum
260 1961 378 2039 quidem
400 1959 525 2031 robore,
549 1967 681 2021 ceterum
700 1961 831 2038 equitatu
855 1968 940 2021 aucto
964 1977 1060 2039 nuper

105 2045 268 2125 plurimum
287 2043 418 2104 Romana
435 2045 514 2106 acies
531 2043 628 2104 valuit.
660 2042 697 2103 ab
714 2042 861 2122 equitibus
876 2052 998 2123 repente
1014 2046 1059 2104 in·
1080 2062 1113 2115 ιο

106 2130 199 2189 rectis
213 2125 322 2190 turbati
339 2127 459 2190 ordines
474 2134 542 2189 sunt
557 2126 751 2196 Sabinorum
768 2144 824 2188 nec
838 2145 936 2207 pugna
953 2127 1060 2189 deiude

109 2211 169 2274 illis
187 2218 322 2273 constare
342 2228 399 2273 nec
412 2211 481 2289 luga
496 2210 637 2290 explicari
652 2213 716 2273 sine
728 2227 834 2290 magna
849 2210 939 2273 caede
955 2213 1059 2290 potuit.
1144 2249 1152 2290 f

172 2293 272 2357 xxxi.
303 2294 427 2357 Derictis
445 2293 562 2357 Sabinis
578 2312 645 2355 cum
659 2295 691 2355 in
705 2311 810 2374 magna
826 2293 919 2372 gloria
933 2296 1060 2373 magnis·
1081 2259 1181 2377 1³(

105 2397 167 2458 que
183 2377 289 2458 opibus
308 2395 433 2457 regnum
447 2377 525 2439 Tulli
539 2395 574 2439 ac
590 2385 647 2439 tota
662 2397 712 2440 res
725 2377 856 2439 Romana
873 2385 963 2449 esset,
985 2395 1061 2454 nun·

108 2465 211 2524 tiatum
230 2462 295 2541 regi
315 2460 507 2540 patribusque
534 2469 579 2524 est
603 2464 635 2522 in
660 2468 759 2522 monte
780 2459 892 2522 Albano
914 2461 1061 2539 lapidibus

107 2545 246 2626 pluvisse.
277 2545 355 2623 quod
379 2562 445 2605 cum
468 2545 549 2606 credi
565 2546 612 2605 vix
626 2551 734 2623 posset,
749 2544 846 2605 missis
865 2544 904 2604 ad
917 2545 947 2605 id
965 2545 1061 2606 risen·
1078 2561 1175 2608 22«-

106 2630 180 2691 dum
206 2628 375 2708 prodigium
400 2629 432 2688 in
458 2634 621 2708 conspectu
645 2626 724 2687 haud
748 2625 849 2697 aliter,
882 2643 969 2704 qrram
994 2645 1062 2688 cum

109 2712 283 2792 grandinem
301 2713 380 2780 venti
401 2710 592 2789 glomeratam
613 2713 645 2772 in
664 2718 760 2772 terras
774 2718 878 2788 agunt,
900 2708 998 2773 crebri
1013 2727 1061 2772 ce·

106 2797 210 2858 cidere
234 2793 315 2857 caelo
336 2793 458 2874 lapides.
480 2796 535 2856 risi
557 2796 645 2856 etiam
665 2793 767 2854 audire
793 2811 896 2856 vocem
912 2794 1061 2872 ingentem
1079 2811 1096 2864 a

106 2899 146 2943 ex
159 2880 265 2941 summi
284 2879 444 2939 cacuminis
459 2875 541 2950 luco,
567 2886 601 2940 ut
612 2877 707 2957 patrio
726 2878 784 2936 ritu
802 2895 884 2938 sacra
898 2876 1002 2938 Albani
1019 2878 1061 2938 la·

106 2969 226 3033 cecant,
252 2978 328 3040 quae
347 2961 426 3022 velut
444 2961 499 3023 diis
523 2977 642 3040 quoque
658 2959 745 3023 simul
761 2977 828 3022 cum
843 2961 936 3039 patria
951 2960 1062 3022 relictis

106 3046 251 3108 obtinent
271 3045 428 3114 dederant,
455 3052 484 3106 et
497 3053 547 3107 aut
562 3046 693 3107 Romana
710 3061 793 3106 sacra
808 3053 1000 3124 susceperant
1013 3050 1062 3104 aut

105 3132 254 3200 fortunae,
273 3137 307 3190 ut
321 3129 361 3199 tt,
377 3127 486 3189 obirati
506 3128 616 3190 cultum
630 3127 814 3205 reliquerant
830 3127 926 3189 deum.
955 3128 1061 3189 liuma-
1080 3151 1097 3202 4

108 3216 156 3275 nis
170 3229 289 3290 quoquc
304 3210 340 3272 ab
359 3212 463 3274 eodem
480 3212 617 3292 prodigio
632 3209 805 3272 novendiale
818 3227 933 3272 sacrum
943 3209 1061 3290 publice

105 3303 279 3375 susceptum
303 3302 360 3367 est,
384 3312 437 3357 seu
453 3313 525 3358 voce
546 3295 665 3357 caelesti
686 3291 958 3356 exdlbanomonte
973 3294 1061 3355 missa
1143 3303 1149 3314 “

108 3413 146 3426 -
156 3378 267 3440 numid
282 3395 398 3457 quoque
410 3379 535 3441 traditur
546 3413 580 3425 -
591 3393 644 3440 serr
655 3377 824 3456 aruspicum
837 3377 965 3439 monitu:
980 3393 1064 3437 man·

141 3494 167 3530 r.
181 3493 244 3531 crvx
255 3493 323 3530 raas
336 3494 356 3530 r.
891 3463 910 3528 3
