2522 3954
274 237 321 285 nn
336 238 408 286 rrrr
422 237 510 286 mnu
521 199 607 286 'vrrs
619 237 667 287 ur
683 237 848 288 senseris.
940 239 1037 288 xuvu

74 405 133 475 ipse
150 398 239 454 sensit
260 404 289 454 et
308 395 412 453 uostris
432 396 604 472 potissimum
625 396 793 472 temporibus
807 395 972 458 intellectum
986 407 1036 463 eet,

76 497 137 539 raro
152 489 183 538 et
198 480 360 556 plerumque
373 479 481 538 brevius
495 473 654 556 attipit¹³⁸).
666 480 722 538 sive
737 480 800 554 quia
814 497 846 537 eo
858 498 913 539 nen
927 484 1038 557 cognito

76 563 201 628 dedebat.
218 563 277 622 sive·
291 563 365 638 quod
379 579 438 620 nono
448 566 515 622 trnti
531 563 645 640 putebat
657 580 689 622 eo
703 563 867 640 investigere
880 573 910 623 et
922 567 1048 642 perseriv

76 649 148 713 bere,
161 663 233 723 quse
246 647 447 725 proellumenis
461 657 616 724 sperneret;
631 664 685 722 quo
700 647 804 706 loetum
810 657 862 715 est,
877 656 984 724 utqnee
996 666 1025 706 ro

77 733 165 791 tiones
176 731 238 790 offis
249 730 359 808 populis
374 747 436 790 oum
446 732 574 790 immanis
587 731 697 796 inerint,
712 748 781 806 quoe
795 731 931 791 bellorum
946 732 1037 791 lome-

77 831 273 874 nuureeousee
283 815 391 890 saepius
403 816 533 874 nonsatis
542 816 660 892 perspici
668 816 765 892 possit.
782 815 812 873 ln
821 825 956 874 terrorum
962 817 1037 874 deni-

77 915 126 974 que
139 908 169 958 et
181 897 306 958 leeo'rum
315 899 431 956 maxime·
439 899 651 975 longinquonmr
661 899 717 958 situ
729 897 889 965 deliniendo,
901 917 964 958 eum
976 917 1037 976 per·

76 999 175 1058 peueas
194 983 327 1058 regiones
336 984 535 1058 peregrinando
550 983 648 1042 adiisse
662 984 798 1049 ridentur,
815 985 950 1042 interdum
963 999 1037 1042 erse·

76 1068 126 1132 rit,
142 1065 210 1124 alibi
225 1066 314 1124 minus
336 1076 461 1126 securus
480 1067 663 1143 descriptione
677 1078 724 1125 eut
744 1068 898 1127 nominibus
914 1068 1036 1128 locorum

76 1145 244 1224 omissum)
265 1165 376 1210 errores
397 1151 505 1226 quidem
525 1151 648 1215 evitavit,
675 1152 723 1209 sed
739 1167 796 1211 non
810 1151 914 1217 elieeit.
934 1160 966 1210 ut
981 1169 1036 1226 quo

76 1236 158 1293 mode
175 1234 247 1292 helle
266 1235 323 1292 sint
341 1241 432 1310 qesta,
458 1253 507 1293 cur
530 1235 716 1310 expeditiones
731 1243 886 1312 suseptae.
908 1235 1037 1294 victoriae

76 1327 182 1394 portae.
204 1318 299 1378 eludes
315 1326 441 1394 oeeeptse
461 1318 543 1395 plene
562 1319 598 1374 sit
619 1318 801 1394 perspicuum.
830 1318 894 1377 Sine
914 1327 1037 1377 seeureto

76 1404 198 1461 omnium
213 1400 320 1460 illerum
340 1417 432 1460 rerum
448 1402 606 1478 cognitione
619 1419 681 1460 eum
695 1419 791 1460 eorum
805 1418 874 1478 quae
889 1402 959 1462 imta
973 1409 1034 1460 sunt

76 1503 165 1562 neque
185 1503 270 1544 nexus
286 1501 375 1561 neque
392 1503 490 1544 oeusoe
505 1493 579 1544 reete
593 1485 702 1560 possint
716 1485 846 1560 intelligi,
862 1487 961 1544 mirum
976 1497 1037 1544 osse

76 1587 131 1628 nost
143 1578 254 1646 potest,
273 1571 347 1645 quod
362 1569 452 1627 livius
473 1571 506 1628 ed
528 1569 594 1627 illud
611 1587 698 1644 genus
718 1568 850 1627 historiae
871 1569 1036 1632 scribendos,

77 1655 148 1728 quod
163 1653 295 1729 Polybius
320 1653 498 1728 potissimum:
512 1662 625 1712 secutus
643 1654 843 1730 pragmaticum.
855 1653 931 1718 dixit,
949 1669 1037 1728 neque

77 1739 133 1813 ipse
148 1737 297 1812 suspiravit
312 1753 400 1812 neque
417 1737 510 1794 (lreeei
535 1736 680 1812 seripturis
699 1735 821 1812 exemplo
837 1738 970 1796 exeitotus
985 1745 1036 1799 ost.

76 1822 121 1880 sed
135 1821 164 1878 iu
176 1821 281 1884 etlrieo.
303 1821 376 1896 quod
390 1837 474 1896 supro
487 1821 707 1896 significavimus,
725 1820 871 1896 eeqtrierit,
888 1829 915 1878 et
930 1828 1037 1884 ..tntum

76 1921 146 1981 opus
166 1905 200 1962 od
220 1904 377 1962 memoriam
391 1903 561 1980 posteritatis
577 1911 605 1962 et
620 1903 720 1980 ingenii
743 1905 839 1962 lennem
855 1903 1037 1978 oemposuit.“

75 1989 167 2064 Neque
183 1997 271 2047 temen
285 2005 301 2045 a
315 1988 481 2063 pragmatica
495 1987 542 2045 ille
558 1987 664 2046 ratione
677 1988 715 2045 ite
728 1987 901 2052 abherrelret,
912 1995 944 2044 ut
957 2003 1037 2044 mne-

76 2071 141 2130 lium
166 2073 316 2148 scriptores
335 2071 457 2130 imitatus
480 2071 553 2130 solos
576 2087 621 2129 res
642 2079 733 2147 gestes
757 2085 902 2147 rerumque
925 2079 1036 2129 eventus

76 2164 225 2232 exponeret
236 2150 301 2230 ¹⁴⁰).
317 2156 366 2213 sed
380 2156 452 2214 haud
468 2173 531 2214 rsro
549 2165 577 2214 et
592 2169 749 2231 magnorum
765 2155 972 2230 graviorumque
995 2171 1037 2211 re·

76 2259 134 2298 rum
151 2255 251 2300 sauses
263 2247 310 2298 sut
325 2239 386 2316 ipse
399 2239 550 2298 observarit
567 2249 614 2298 out
635 2239 668 2296 eb
687 2238 747 2296 eliis
762 2238 891 2297 imlieetes
904 2237 1037 2315 probem,

76 2335 103 2382 et
132 2323 306 2400 singulorum
333 2323 472 2382 hominum
502 2323 721 2400 populorumque
748 2321 862 2381 oonsilio
890 2338 1037 2396 eorumque

75 2418 190 2466 eventus
210 2407 341 2484 quaesivit
356 2414 386 2466 et
399 2407 554 2466 declaravit.
584 2407 620 2464 Ea
634 2413 725 2464 sutem
742 2423 796 2464 nou
811 2407 873 2465 dote
890 2422 973 2481 opere
987 2422 1038 2463 neo

78 2555 278 2570 ..Q—u·-

144 2641 194 2695 138
217 2645 268 2695 vid.
282 2644 307 2702 V,
318 2641 359 2701 33.
375 2642 414 2696 ll.

145 2708 194 2763 130
218 2711 315 2761 Lsohnr.
328 2712 347 2768 l,
362 2709 425 2769 105;
438 2712 466 2768 ll,
479 2708 512 2760 84
524 2724 575 2774 sqq.
600 2709 627 2760 lo
639 2705 707 2759 libris
719 2705 845 2772 deperditis
857 2705 949 2769 saepius
962 2711 985 2755 et
996 2719 1037 2754 ee·

76 2779 181 2828 curatius
197 2785 273 2894 terget
289 2779 379 2828 ridetur
397 2778 566 2842 descripsisse,
586 2776 617 2826 ei.
631 2772 743 2840 perioche
755 2769 817 2831 xvh
835 2773 897 2830 ct113
915 2772 973 2830 etv:
987 2772 1036 2830 (Ὗς

75 2846 162 2896 'leel
192 2845 227 2896 .l
247 2882 254 2896 .

144 2859 203 2976 Ιιξό)
216 2912 250 2962 tt
267 2911 351 2962 horum
367 2913 460 2963 ratione
475 2925 544 2978 quem
563 2911 653 2960 slienns
670 2909 741 2960 luerit
757 2909 835 2959 Livius
853 2907 953 2958 maxime
969 2921 995 2956 ex
1008 2908 1035 2958 C.

76 2979 147 3030 Groui
162 2979 289 3037 lielnieul,
303 2980 324 3030 si
335 2980 429 3045 quidem
441 2986 495 3031 ente
507 2979 596 3029 Livium
609 2976 706 3028 enneles
717 2989 772 3025 suos
784 2975 886 3040 scripsit.
899 2975 1036 3036 fragmentis

76 3061 88 3094 ι
101 3047 129 3097 ll.
142 3047 170 3096 Δ.
184 3047 222 3096 rr.
237 3047 328 3096 Pertrie
339 3047 442 3098 Berolinl
456 3045 525 3098 editis
537 3045 694 3109 cognoscitur,
706 3043 745 3110 qui
758 3044 789 3093 ile
802 3043 831 3092 de
842 3042 947 3094 Sallustii
958 3041 1036 3091 histo·

76 3114 119 3162 riis
130 3113 222 3163 iudicet
232 3114 377 3172 lib.llllllll,
392 3111 424 3164 10
435 3129 458 3179 p.
472 3114 505 3162 44
515 3129 522 3164 e
534 3113 645 3170 „Sellusti
657 3125 716 3178 opos
728 3109 797 3161 nohis
808 3109 919 3166 occurrit,
931 3108 972 3158 sed
984 3121 1035 3166 nos,

77 3186 100 3229 ut
110 3179 268 3237 instituimus,
280 3193 359 3231 mores
372 3188 394 3230 et
406 3196 452 3232 non
464 3182 569 3243 urgentis
581 3181 722 3231 omittemus.
741 3191 795 3228 nem
806 3175 940 3228 Sallustium
952 3189 998 3225 non
1011 3183 1035 3225 ut

77 3246 216 3297 historicum
233 3247 275 3297 sed
292 3256 317 3297 ιιι
333 3254 449 3298 orstorem
461 3248 595 3309 legendum:
614 3259 668 3296 nem
685 3253 707 3295 et
718 3253 822 3310 temporo
834 3242 983 3309 reprehendit
993 3257 1035 3292 sos

78 3321 100 3361 et
111 3314 197 3364 dellete
211 3315 299 3378 serpit,
312 3322 335 3364 et
352 3315 474 3365 contiones
491 3315 574 3365 inserit
591 3313 623 3377 (ι.
637 3313 751 3375 Philoloss.
769 3312 833 3368 lllll.
846 3325 870 3376 p.
883 3307 944 3366 ete.
957 3309 1033 3359 lahnii

78 3395 130 3430 son.
144 3382 191 3432 rol.
206 3380 305 3434 txxttt
316 3397 339 3446 p.
352 3379 427 3445 040),
445 3389 466 3432 et
478 3382 517 3432 dot
535 3382 559 3431 in
572 3393 669 3431 censum
680 3380 733 3431 lete
745 3386 836 3430 montes
848 3378 943 3428 domins
956 3383 978 3426 et
989 3376 1035 3426 hee

77 3461 148 3507 reum
166 3447 309 3507 emerendo,
327 3456 350 3500 et
366 3450 445 3514 culpet
459 3456 482 3498 et
493 3455 613 3513 comperet
624 3446 760 3498 disserendo
766 3449 788 3505 ,⁸¹
805 3448 856 3512 ipse
873 3445 936 3496 omni
953 3448 1035 3493 orosto

78 3515 189 3576 detrecto,
202 3522 227 3565 ut
240 3517 339 3581 priores,
352 3518 448 3567 enneles
460 3531 515 3567 snos
527 3516 666 3578 composuit.
