2522 3954
281 249 330 298 DE
352 251 424 298 'l'l'l'l
441 251 527 298 mvn
543 249 627 298 ver
644 251 689 299 Er
706 251 869 304 scitIPrls.
999 257 1058 306 mxl

98 409 211 486 explere
226 399 339 472 vallent
352 407 492 470 „oratorio
503 417 532 466 et
545 407 615 464 virili
630 409 706 467 cultu
720 409 825 476 relicto,
841 422 998 490 contempto
1016 433 1059 472 or·

98 496 162 553 dine
181 509 281 557 rerum,
299 491 398 549 ammae
414 491 546 549 modestia
564 509 595 551 ac
606 493 711 566 pudore
726 493 888 553 verborum‘
902 514 999 556 nouum
1020 499 1060 555 di·

98 577 179 637 cendi
192 593 281 652 genus
296 591 418 649 neroque
434 573 589 650 eloquentia
610 576 736 641 „lasciua
751 579 895 637 verborum
910 589 937 637 et
951 581 1060 639 levitate

99 661 298 720 sententiarum
317 668 345 715 et
360 658 468 716 licentia
483 660 709 734 compositionis‘·
726 662 816 721 iucate
831 671 858 721 et
875 673 935 721 orta
951 675 978 721 et
993 665 1061 723 mul·

100 746 136 802 tis
150 744 268 820 probata
279 752 329 800 est.
350 743 440 800 Livius
453 750 550 808 autem,
567 745 613 819 qui
628 745 803 810 hauddubie,
822 747 903 805 sicuti
914 747 971 806 filio
983 766 1061 823 prae·

100 828 227 904 cipiehat,
244 827 450 885 Demosthenem
467 836 496 884 et
510 827 666 886 Ciceronem
683 829 805 904 legisset,
823 839 881 888 tum
895 841 926 888 ut
946 833 1061 908 quisque

101 911 274 969 Demostheni
288 919 316 968 ct
322 910 445 980 Ciceroni
460 909 612 969 simillimus
630 908 769 988 esset¹⁸²)‚
787 923 960 990 veteremque
975 924 1003 974 et
1020 935 1061 974 sa·

101 1012 163 1052 nam
179 994 362 1069 eloquentiam
375 996 548 1068 cognovisset
562 1003 645 1070 atque
658 996 844 1063 admiraretur,
858 999 905 1057 sed
916 1017 972 1058 non
983 1001 1063 1075 igno·

101 1085 191 1141 reret,
218 1086 333 1151 quantos
358 1093 522 1150 progressus
541 1096 590 1136 sua
610 1088 698 1137 aetate
712 1081 807 1156 lingua
821 1081 904 1140 latina
918 1092 1061 1158 poetarum

101 1160 217 1219 maxime
230 1177 314 1236 opera
328 1160 451 1224 iecisset.
467 1170 550 1235 atque
566 1165 683 1227 „mutari
700 1181 761 1222 cum
776 1167 946 1240 temporibus
960 1168 1061 1224 formas

102 1254 130 1302 et
146 1261 249 1318 genera
268 1237 450 1317 dicendi“¹⁸³)
466 1245 553 1318 probe
573 1245 656 1303 sciret
677 1255 705 1304 et
725 1248 771 1312 „id
790 1265 900 1323 quoque
916 1250 1061 1313 vitandum,

101 1346 135 1386 ne
158 1329 187 1385 in
207 1327 322 1386 historia
344 1335 468 1384 oratores
489 1337 536 1385 aut
560 1328 755 1388 declamatores
775 1331 827 1388 sibi
849 1333 992 1390 imitandos
1012 1352 1061 1409 pu·

103 1420 192 1477 taret;
213 1427 343 1485 suamque
358 1411 457 1485 cuique
470 1413 639 1486 propositam
654 1412 756 1488 legem.
775 1431 854 1472 suum
871 1416 969 1491 cuique
983 1416 1062 1476 deco·

102 1512 161 1553 rem
177 1489 324 1568 cssc‘⁴¹⁸‘),
340 1511 395 1570 quo
409 1504 468 1552 arat
482 1496 594 1554 subacto
609 1497 722 1561 iudicio.
738 1498 919 1574 perspiceret,
936 1501 972 1556 ita
988 1501 1062 1577 prio·

102 1597 164 1638 rum
180 1588 208 1637 et
222 1579 404 1638 recentiorum
415 1578 486 1636 bona
500 1589 528 1637 at
541 1581 656 1638 virtutes
670 1582 783 1640 miscere
800 1591 828 1640 et
842 1583 971 1657 copulare
983 1585 1062 1642 insti·

103 1663 165 1727 tuit.
181 1672 213 1720 ut
227 1679 325 1720 norum
338 1672 366 1720 ct
381 1663 408 1719 in
423 1679 514 1720 rerum
525 1664 681 1722 narratione
695 1666 816 1723 nondum
831 1673 964 1724 tentatum
976 1683 1061 1741 genus

103 1747 237 1806 orationis
262 1747 395 1805 inveniret
411 1755 439 1803 et
458 1747 599 1821 expoliret.
631 1750 720 1823 Atque
734 1767 795 1808 cum
808 1749 912 1807 videret
928 1757 1004 1807 tanta
1023 1751 1062 1806 iu·

103 1831 237 1890 diciorum
246 1830 396 1887 mutatione
404 1830 476 1888 iacta
486 1848 531 1888 res
539 1832 691 1906 praeclaras
705 1833 959 1907 apopulollomano
971 1843 1062 1908 gestas

105 1917 151 1979 ita.
159 1924 192 1972 ut
199 1913 347 1989 placerent,
354 1931 408 1970 non
421 1931 502 1989 posse
515 1916 636 1973 enarrari
651 1915 727 1973 arido
740 1924 767 1972 et
780 1916 842 1973 exili
856 1933 950 1973 eorum
962 1928 1063 1990 genere

104 1999 152 2074 qui
168 1998 278 2055 annales
288 1991 524 2072 scripserant¹⁸⁵),
541 2015 629 2073 neque
643 1999 715 2056 nudo
729 1998 792 2064 illo,
809 2017 863 2074 quo
879 2001 976 2057 Cacsar
991 2017 1063 2057 omni

105 2089 204 2141 ornatu
231 2081 362 2139 orationis
384 2082 505 2139 detracto
537 2099 600 2140 suas
621 2099 666 2140 res
693 2091 868 2158 exposuerat.
887 2084 920 2140 ab
941 2085 1063 2142 aiiectata

104 2175 196 2224 antem
213 2164 334 2223 Sallustii
356 2165 488 2224 brevrtate
504 2159 735 2240 ahhorreret¹⁸⁰)‘‚
751 2183 801 2224 nec
814 2167 928 2244 amplam
944 2177 971 2225 et
986 2184 1063 2242 aspe-

104 2251 187 2307 ritate
200 2248 309 2325 plenam
324 2255 462 2308 oratorum
476 2251 610 2307 rationem
620 2257 730 2326 putaret
741 2250 864 2309 historici
876 2267 949 2316 esse;
965 2260 1062 2309 etcum

105 2334 214 2408 ipsoex
231 2331 458 2408 philosophorum
478 2341 560 2407 atque
579 2334 721 2392 rhetorum
739 2334 839 2393 scholis
860 2336 996 2411 prodiret,
1020 2351 1063 2391 er·

106 2417 298 2491 ornandaeque
317 2417 449 2474 orationis
470 2424 498 2474 et
516 2416 663 2475 luminibus
681 2417 857 2475 illustrandae
879 2420 997 2476 studium
1014 2435 1063 2493 per

106 2500 198 2557 omnia
209 2499 349 2558 literamm
362 2517 462 2576 genera
475 2502 613 2576 pertincrc
628 2509 656 2559 et
670 2501 872 2560 aliomanorum
886 2502 995 2575 ingenio
1009 2517 1063 2558 non

106 2584 227 2641 alienum
242 2600 302 2641 esse
316 2583 502 2649 intellexisset,
519 2585 665 2642 oratoriam
676 2583 749 2640 illam
760 2585 873 2641 sormam
888 2585 925 2641 ita
940 2584 1064 2659 probavit

107 2676 135 2726 ct
155 2666 288 2732 excoluit,
310 2676 383 2725 utet
400 2668 432 2725 ad
449 2666 592 2726 eonsilium
607 2684 686 2725 suum
700 2667 976 2725 accommodatissima
993 2676 1065 2725 esset

107 2750 185 2808 etad
200 2752 438 2809 commendandum
450 2767 518 2826 opus
532 2751 604 2827 quod
618 2751 750 2810 condebat
761 2750 907 2826 plurimum
918 2751 1061 2811 corrierrct

107 2835 181 2893 liare
203 2851 275 2892 enam
295 2834 455 2910 simpliciter
475 2843 503 2892 et
518 2836 590 2893 nude
605 2852 649 2892 res
667 2836 705 2892 ita
718 2835 815 2900 tradit,
833 2844 864 2892 ut
879 2835 1064 2910 intelligantur

179 3046 347 3111 lss2l¹0sslssfll
361 3049 417 3100 lost.
431 3063 466 3098 or.
479 3049 507 3105 x,
521 3047 543 3106 1.
556 3047 590 3099 39
601 3050 633 3099 ci.
646 3049 676 3108 [Ι.
688 3050 711 3108 ll.
723 3047 764 3100 20.

179 3113 238 3178 183)
251 3115 307 3166 Tac.
320 3116 380 3167 utet.
394 3116 424 3166 da
435 3122 504 3166 oratt.
516 3131 539 3166 c.
554 3113 598 3172 18;
612 3119 643 3166 ci.
657 3117 741 3167 Sanco.
755 3117 798 3180 Ep.
812 3116 887 3166 dett.

180 3179 239 3246 184)
251 3182 346 3242 Quintil.
358 3183 386 3240 x,
398 3181 423 3239 2,
435 3181 466 3230 21
480 3197 515 3246 sq.

180 3245 238 3310 185)
250 3247 303 3300 ua.
315 3257 363 3299 not.
377 3246 437 3316 1402
777 3296 779 3300 .

180 3311 238 3378 teo)
251 3316 340 3366 Mera
353 3316 462 3366 Contmr.
475 3315 555 3372 xxttt
565 3313 605 3372 14,
618 3316 650 3365 ci.
663 3315 720 3366 lixo.
733 3320 808 3365 contr.
822 3314 860 3372 lli,
873 3313 895 3372 1.
909 3313 935 3364 ⁸:
949 3316 976 3366 T.
989 3316 1067 3366 livius

110 3390 158 3432 tam
170 3383 265 3447 tntqau·
276 3383 387 3434 Sallustio
399 3383 455 3441 init,
472 3388 498 3432 at
508 3383 569 3433 hanc
581 3383 657 3447 ipsam
670 3382 808 3432 sententiam
822 3380 870 3445 (res
882 3382 999 3433 secundae
1010 3383 1068 3431 mire

111 3458 166 3500 rum
180 3450 240 3501 ritiis
252 3448 366 3512 obtentui)
385 3457 408 3500 et
419 3458 536 3514 tamquam
549 3450 684 3499 translatam
697 3456 719 3497 et
733 3455 851 3516 umquam
868 3457 1001 3514 corruptam
1014 3448 1066 3498 dnm

111 3518 278 3567 transterretur
294 3516 398 3568 obiceret
408 3517 519 3567 Sallustio
