2572 3956
218 227 279 295 128
354 245 448 287 umus
462 245 510 285 111.
538 244 609 286 cas.
623 237 650 288 2.
666 237 690 290 3.
706 236 732 288 d
758 227 798 304 [a.
813 248 843 287 u.
860 249 886 287 c.
902 237 964 292 289.
976 237 1038 309 ²9⁰1

218 391 458 473 populationibus
474 393 754 473 incursionibusque
770 393 910 455 meliores
926 411 1005 465 esse,
1022 395 1178 458 simultas

217 478 326 536 nussim
347 495 452 538 manus
470 495 557 556 quam
576 494 713 554 magnam
728 475 836 538 molem
856 479 946 538 unius
964 481 1111 538 exercitus
1125 497 1178 540 re·

217 562 294 620 atius
309 558 387 621 ltella
401 577 514 636 gerere.

75 686 90 698 ,
185 669 199 700 ι
279 643 327 702 lll.
357 643 471 704 llelicto
485 645 585 721 itaque
599 644 704 704 castris
719 643 868 722 praesidio
879 645 992 721 egressi
1006 649 1088 705 tanto
1105 664 1175 706 cum

216 725 344 786 tumultu
366 727 500 786 invasere
521 727 595 786 fines
614 725 778 794 Romanos,
805 731 839 785 ut
865 726 902 786 ad
926 726 1032 787 urbem
1055 746 1176 806 quoque

182 819 198 865 a
216 817 361 870 terrorem
379 807 565 886 pertulerint.
596 808 772 886 necopinata
791 809 879 869 eiiam
894 827 943 870 res
957 809 1025 887 plus
1042 812 1175 889 trepida·

216 894 304 953 tionis
319 891 402 960 iecit,
424 891 502 968 quod
517 889 589 950 nihil
605 892 703 951 minus
719 909 806 970 quam
821 909 860 952 ne
876 893 969 954 victus
982 910 1016 953 ac
1030 911 1125 972 prope
1141 895 1175 956 in

217 976 321 1035 castris
346 973 484 1034 obsessus
506 973 600 1034 hostis
617 991 730 1034 memor
750 974 950 1053 populationis
975 985 1053 1038 esset
1075 979 1176 1038 timeri

182 1070 199 1121 3
217 1062 347 1136 poterat,
364 1064 554 1134 agrestesque
568 1057 664 1136 pavidi
679 1058 844 1120 incidentes
858 1059 952 1136 portis
969 1077 1030 1119 uon
1047 1060 1174 1139 popula-

215 1143 326 1202 tionem
348 1159 403 1201 neo
426 1141 608 1219 praedonum
630 1158 734 1219 parvas
757 1158 878 1210 manus,
904 1141 955 1202 sed
973 1144 1072 1202 omnia
1097 1161 1174 1204 vano

217 1230 357 1302 augentes
372 1225 480 1284 timore
497 1225 643 1284 exercitus
666 1229 696 1284 et
708 1224 841 1301 legiones
865 1223 969 1286 adesse
991 1222 1121 1286 hostium
1142 1234 1175 1287 et

182 1309 199 1357 4
217 1309 324 1370 infesto
342 1308 458 1386 agmine
472 1323 561 1368 ruere
579 1308 615 1367 ad
629 1306 735 1367 urbem
750 1305 925 1369 clamabant.
958 1305 995 1368 ab
1009 1309 1046 1368 iis
1060 1326 1177 1388 prouu-⁴

214 1393 255 1452 mi
273 1391 371 1451 audita
393 1392 507 1451 incerta
531 1409 625 1469 eoque
646 1391 766 1452 vaniora
787 1390 866 1451 ierre
888 1391 926 1450 ad
948 1389 1031 1452 alios.
1065 1409 1173 1454 cursus

215 1472 384 1552 clamorque
393 1475 561 1534 vocantium
573 1473 608 1532 ad
625 1491 706 1534 arma
720 1473 800 1534 haud
820 1471 973 1534 multuma
992 1491 1101 1553 pavore
1118 1493 1169 1536 ca·

180 1567 197 1618 5
214 1563 282 1636 ptae
296 1555 380 1616 urbis
396 1552 508 1617 abesse.
534 1557 611 1617 iorte
625 1555 662 1616 ab
673 1555 776 1634 Algido
790 1554 944 1625 Quinctius
959 1557 1062 1619 consul
1073 1559 1173 1620 redie-

214 1646 260 1700 rat
274 1640 406 1700 Romam.
436 1639 466 1698 id
488 1639 652 1703 remedium
674 1642 776 1700 tintori
789 1641 861 1707 iuit;
882 1639 1070 1719 tumultuque
1085 1643 1173 1703 seda·

214 1731 244 1785 to
256 1726 348 1784 motos
359 1724 632 1802 timeri-increpans
647 1722 748 1784 hostes
762 1723 908 1802 praesidia
921 1725 1015 1801 portis
1029 1725 1172 1802 inposuit.

180 1817 197 1866 o
214 1813 317 1868 vocato
331 1806 399 1867 dein
414 1811 519 1868 senatu
539 1823 607 1867 cum
622 1823 658 1867 ex
673 1809 849 1867 auctoritate
863 1812 981 1885 patrum
996 1807 1109 1868 iustitio
1124 1811 1172 1868 in·
1283 1811 1284 1814 ’

215 1891 293 1952 dicto
306 1890 458 1968 proiectus
476 1889 512 1950 ad
528 1888 666 1950 tutandos
682 1889 756 1951 lines
771 1895 863 1960 esset,
896 1886 930 1957 Q.
946 1889 1069 1952 Servilio
1083 1909 1172 1969 prae·
1283 1937 1284 1957 ἰ

181 1976 291 2036 alecto
312 1972 396 2034 urbis
418 1971 538 2043 relicto,
558 1972 675 2034 hostem
688 1974 719 2034 in
742 1975 821 2051 agris
836 1989 897 2033 non
912 1974 1032 2034 invenit.
1064 1974 1107 2036 tu
1128 1975 1172 2035 al·

198 2064 278 2119 tero
299 2055 420 2118 consule
439 2073 488 2117 res
505 2063 588 2134 gesta
601 2057 719 2134 egregie
737 2065 794 2126 est;
812 2057 863 2135 qui
873 2074 932 2135 qua
942 2063 1100 2118 venturum
1115 2057 1156 2118 ho

214 2147 288 2202 stem
304 2139 426 2209 sciebat,
442 2157 561 2216 gravem
571 2140 681 2218 praeda
697 2155 791 2219 eoque
801 2140 979 2219 inpeditiore
994 2142 1112 2218 agmine
1123 2144 1172 2202 in·

178 2229 195 2277 8
214 2224 366 2286 cedentem
381 2223 539 2299 adgressus
559 2223 706 2284 funestam
727 2223 949 2303 populationem
971 2223 1050 2285 iecit.
1080 2227 1171 2303 pauci
1282 2271 1283 2280 ,

213 2307 342 2366 hostiurn
355 2321 474 2366 euasere
489 2323 525 2366 ex
538 2305 663 2377 insidiis,
678 2307 789 2385 praeda
799 2308 895 2368 omnis
907 2312 1027 2386 recepta
1042 2314 1095 2370 est.
1125 2310 1171 2370 sic

213 2390 301 2450 tinem
328 2389 456 2459 iustitio,
486 2388 565 2467 quod
588 2388 785 2468 quadriduum
814 2390 885 2460 luit,
914 2389 1028 2451 reditus
1049 2388 1169 2460 Quincti

214 2471 344 2534 consulis
359 2473 391 2532 in
407 2471 513 2534 urbem
527 2473 608 2534 iecit.

177 2569 194 2620 9
276 2558 387 2618 Census
404 2556 509 2618 deinde
525 2562 608 2618 actus
621 2563 650 2618 et
665 2558 817 2619 conditum
831 2556 868 2618 ab
880 2555 1019 2627 Quinctio
1029 2558 1169 2622 lustrum.

212 2658 299 2702 censa
311 2641 418 2700 civium
429 2639 525 2718 capita
536 2639 783 2708 b‘n'finccxnn
792 2641 932 2702 dicuntur
943 2648 1063 2720 praeter
1077 2641 1169 2704 orbos

164 2735 194 2786 ιο
212 2723 367 2800 orbesque.
401 2723 433 2782 ln
448 2723 557 2800 Aequis
577 2723 651 2784 nihil
670 2724 777 2786 deinde
791 2723 984 2785 memorabile
999 2732 1107 2788 actum.
1136 2728 1169 2786 in

211 2807 319 2884 oppida
341 2824 393 2866 sua
412 2823 444 2890 se
459 2823 617 2883 recepere,
632 2809 680 2868 uri
695 2824 749 2869 sua
763 2806 960 2886 popularique
974 2809 1062 2887 passi.
1094 2826 1170 2870 con-

211 2889 256 2950 sul
277 2907 344 2948 curn
362 2888 538 2967 aliquotiens
562 2905 617 2968 por
641 2908 757 2951 omnem
779 2890 908 2952 hostimn
934 2908 1037 2969 agrum
1057 2890 1168 2956 infesto
1280 2945 1281 2957 ,

210 2974 327 3117 qgmine
342 2970 570 3116 poqqltabundus
585 2974 673 3043 isset,
689 2991 756 3034 cum
768 2975 883 3052 ingenti
896 2973 983 3036 laude
996 2975 1167 3055 praedaque

236 3072 333 3116 ornam
351 3073 385 3117 re
405 3073 427 3115 u

178 3146 191 3196 1
274 3139 319 3200 lv.
349 3139 491 3201 consides
502 3139 613 3216 inded.
629 3140 797 3203 Postumius
813 3141 904 3204 Albus
920 3143 970 3222 Sp.
986 3143 1095 3205 Furius
1107 3136 1167 3204 Fu·

210 3241 269 3284 sus.
309 3223 415 3283 Furios
437 3222 543 3284 Fusios
563 3225 711 3303 scripsere
731 3224 865 3303 quddam:
887 3227 918 3286 id
939 3227 1084 3290 admoneo
1091 3258 1100 3296 ,·
1126 3245 1166 3290 ne

211 3308 277 3383 quis
295 3307 520 3367 inmutationem
534 3307 665 3368 virorum
679 3309 812 3387 ipsorum
824 3327 904 3381 esse,
919 3327 994 3388 quae
1012 3312 1166 3371 nominum
1278 3357 1279 3372 a

176 3400 192 3448 2
209 3395 269 3458 est,
283 3393 377 3466 putet.
403 3388 483 3449 haud
494 3387 616 3450 dubium
628 3398 708 3461 erat,
724 3394 795 3470 quin
806 3411 874 3453 cum
887 3393 997 3471 Aequis
1008 3393 1083 3455 alter
1094 3411 1166 3453 con·

210 3470 307 3531 sulum
323 3469 433 3531 bellum
452 3480 578 3548 gereret
607 3476 706 3552 itaque
720 3475 814 3554 Aequi
829 3475 866 3536 ab
881 3476 1035 3538 Ecetranis
1050 3475 1165 3538 Vulscis
1278 3517 1279 3520 =
