2572 3956
213 227 254 293 96
395 242 490 284 uranu
507 241 542 282 11.
572 241 639 282 car.
656 231 700 286 111.
716 232 758 286 35.
786 216 825 302 [0.
840 239 869 280 u.
887 216 990 300 0163]

213 407 371 454 numerum
384 389 559 450 colonorum
571 387 706 459 Romani,
722 394 751 448 et
766 385 883 448 Norbae
898 388 930 447 in
944 385 1053 446 montis
1064 401 1172 446 novam

213 474 370 544 coloniam,
394 490 469 551 quac
485 474 583 533 01110
598 471 755 550 Pomptino
771 478 858 541 esset,
873 472 1027 532 miserunt.

180 565 196 618 ’1
276 559 313 620 Μ.
331 557 461 618 Μ100010
477 555 584 617 deinde
599 561 628 616 et
642 555 675 615 i.
682 554 858 632 Sempronio
877 551 1049 616 consulibus
1064 570 1171 631 magna

213 643 257 704 vis
281 641 422 702 frumenti
445 658 481 701 01
505 637 605 700 Sicilia
628 638 763 708 advecta,
789 639 988 716 agitatumque
1009 639 1040 698 in
1056 645 1170 708 senatu,

213 727 315 805 quanti
339 723 420 804 plebi
442 722 571 784 daretur.
610 721 695 783 muiti
719 723 834 784 venisse
854 730 970 800 tempus
989 721 1171 800 premendae

180 821 196 874 0
214 808 310 888 plebis
327 806 470 886 putabant
483 805 740 884 recuperandique
756 806 836 876 iura,
854 822 929 883 quae
945 812 1058 866 extorta
1073 822 1170 865 seces·
1269 861 1270 874 ,

213 894 297 955 sicne
313 909 348 952 00
358 893 387 951 vi
401 889 534 969 patribus
549 896 655 952 essent
678 889 828 968 inprimis
844 889 971 950 Marcius
987 887 1170 958 Coriolanus,

179 978 196 1031 ti
213 975 307 1038 hostis
321 972 498 1036 tribuniciae
515 973 683 1053 potestatis,
704 974 750 1044 „si
764 981 932 1034 annonam⁴‘
955 973 1052 1050 inquit
1071 979 1170 1042 „vete-

212 1076 278 1121 rem
299 1056 414 1128 volunt,
442 1057 489 1118 ius
509 1057 670 1135 pristinum
689 1056 815 1119 reddant
834 1053 975 1134 patribus.
1014 1073 1067 1116 cur
1098 1071 1170 1132 crgo
1270 1075 1271 1086 ¹

212 1141 347 1221 plebeios
369 1141 571 1220 magistratus,
594 1157 648 1202 cur
669 1140 811 1202 Sicinium
825 1147 976 1218 potentem
995 1139 1098 1208 video,
1114 1137 1170 1199 sub

165 1224 196 1276 ¹⁰
212 1227 313 1305 iugum
329 1227 444 1295 missus,
460 1231 609 1302 tamquam
625 1223 662 1284 ab
677 1221 843 1286 latronibus
856 1221 1045 1303 redemptus?
1075 1238 1171 1299 egone

212 1308 266 1372 has
281 1308 469 1387 indignitates
485 1307 594 1369 diutim
607 1309 702 1385 patiar
714 1324 802 1386 quam
815 1325 938 1368 necesse
953 1307 1014 1368 esti
1044 1306 1170 1383 Tarqui·

212 1394 295 1455 nium
316 1409 418 1470 regem
439 1392 571 1468 quinon
596 1389 729 1461 tulerim,
749 1391 892 1452 Sicinium
910 1390 1022 1452 1010101
1051 1389 1172 1451 secedat

213 1493 302 1547 nunc,
318 1481 421 1536 avocet
434 1473 568 1552 plebem:
591 1481 672 1552 patet
690 1475 735 1534 ua
750 1475 782 1534 in
798 1475 921 1536 Sacrum
935 1481 1068 1536 montem
1082 1472 1170 1535 alios·
1271 1490 1272 1498 ¹

113 1579 177 1694 N
213 1577 271 1638 que
293 1557 393 1620 colles.
423 1559 541 1636 rapiant
559 1557 708 1640 frumenta
727 1575 763 1619 ex
778 1559 870 1636 agris,
894 1556 1171 1635 quemadmodum

181 1644 193 1693 l
212 1643 300 1704 tortio
321 1657 398 1703 anno
421 1658 559 1719 rapuere.
591 1640 727 1702 fruantur
744 1658 878 1712 annona,
895 1658 983 1719 quam
1000 1640 1101 1702 101010
1115 1658 1169 1702 000

159 1759 161 1763 -
212 1726 321 1788 100010.
350 1724 445 1786 audeo
459 1725 561 1786 dicere
580 1722 638 1784 hoc
656 1722 733 1784 malo
755 1723 881 1786 domitos
897 1727 978 1803 ipsos
992 1726 1091 1803 potius
1108 1723 1169 1784 cui·

212 1815 293 1871 tores
307 1825 447 1887 agrorum
462 1808 542 1878 iore,
559 1825 647 1885 quam
660 1815 694 1868 ut
707 1809 811 1869 armati
823 1826 879 1886 per
896 1809 1096 1870 secessionem
1111 1806 1170 1869 coli

164 1902 195 1954 12
212 1890 421 1972 prohibeant.“
447 1890 527 1952 haud
541 1898 601 1952 tam
616 1889 702 1952 facile
718 1890 798 1952 dictu
814 1900 866 1963 001,
884 1892 1090 1953 faciendumne
1104 1891 1169 1954 iue·

211 1978 260 2048 rit,
276 1992 364 2054 quam
379 1977 510 2054 potuisse
527 1973 657 2036 arbitror
671 1975 750 2046 fleri,
766 1982 798 2036 ut
815 1974 1038 2036 condicionibus
1051 1973 1170 2036 laxandi

211 2075 360 2120 annonam
381 2067 411 2120 et
426 2057 615 2119 tribuniciam
636 2065 809 2137 potestatem
830 2065 859 2120 et
877 2059 975 2119 omnia
991 2059 1090 2120 invitis
1103 2059 1169 2120 iura

210 2143 337 2221 inposita
351 2149 452 2220 patres
467 2142 620 2203 demerent
635 2140 702 2202 sibi.

178 2235 192 2286 1
272 2225 384 2286 XXXV.
416 2225 454 2285 Et
477 2225 591 2284 senatui
610 2225 699 2286 nimis
717 2232 801 2286 atrox
824 2225 885 2287 n'sa
904 2227 1049 2288 sententia
1066 2232 1125 2296 est,
1141 2235 1168 2287 ct

210 2306 330 2387 piebem
350 2310 395 2368 ira
412 2324 508 2385 prope
522 2309 658 2369 armavit:
681 2307 758 2370 fame
774 2327 806 2370 se
821 2310 880 2370 iam
893 2311 970 2371 sicut
981 2309 1081 2372 hostes
1097 2310 1167 2388 poti.

211 2389 278 2451 cibo
294 2391 431 2466 victuque
446 2388 591 2458 fraudare
608 2393 801 2469 peregrinum
814 2391 1004 2464 trumentum,
1019 2410 1094 2471 quae
1105 2391 1168 2454 sola

211 2472 349 2535 alimenta
375 2491 411 2534 ex
427 2475 578 2553 insperato
599 2473 718 2534 icrtuna
732 2475 861 2545 dederit,
885 2473 921 2536 ab
938 2493 990 2538 ore
1007 2478 1089 2554 rapi,
1109 2477 1168 2536 ulsi

211 2557 312 2620 Gnaeo
326 2557 437 2618 Marcio
457 2557 547 2617 vincti
567 2556 711 2619 dedantur
725 2555 852 2628 tribuni,
873 2559 931 2619 nisi
953 2557 1166 2638 1010130010-

210 2638 258 2702 bis
278 2639 429 2701 Romanae
448 2640 577 2702 satisfiat
604 2658 673 2702 eum
694 2640 751 2702 sibi
773 2641 943 2703 carnificem
957 2659 1066 2704 novum
1081 2661 1167 2704 exor-

177 2731 194 2780 1
211 2730 282 2793 tum,
298 2724 349 2800 qui
363 2723 502 2783 autmari
520 2731 569 2784 aut
583 2726 696 2786 servire
711 2722 821 2786 iubeat.
853 2725 885 2785 in
906 2733 1063 2788 exeuntem
1080 2744 1097 2787 e
1115 2743 1167 2786 cu·

211 2808 256 2868 ria
280 2807 408 2883 impetus
428 2805 522 2867 iactus
543 2814 634 2879 esset,
660 2809 693 2868 ni
712 2815 935 2887 peropportune
953 2809 1064 2870 tribuni
1087 2808 1166 2870 diem

212 2889 362 2951 dixissent.
392 2887 435 2948 ibi
455 2890 499 2949 110
520 2897 564 2951 001
584 2908 757 2970 suppressa:
780 2910 812 2952 sc
827 2892 955 2954 iudicem
971 2894 1111 2971 quisquc,
1132 2911 1166 2954 se

178 2968 195 3021 3
212 2971 364 3034 dominum
377 2973 452 3033 vitae
471 2974 613 3052 necisque
630 2975 744 3035 inimici
758 2973 867 3036 iactum
879 2975 1003 3038 videbat
1034 2983 1166 3038 content·

211 3056 285 3136 ptim
309 3057 405 3134 primo
426 3055 554 3118 Marcius
573 3056 711 3118 audiebat
729 3058 824 3120 minas
850 3059 1038 3122 tribunicias:
1064 3059 1166 3121 auxilii

211 3157 272 3201 non
286 3156 401 3218 poenae
415 3139 462 3201 tus
479 3140 579 3202 datum
593 3139 636 3200 iiii
646 3143 792 3220 potestati,
808 3141 963 3222 plebisque
974 3161 1035 3204 non
1049 3154 1165 3223 patrum

210 3221 346 3284 tribunos
368 3240 442 3284 esse.
483 3224 536 3285 sed
565 3224 638 3286 adeo
659 3225 774 3288 intonsa
798 3233 862 3287 erat
880 3236 982 3288 coorta
1007 3226 1107 3307 plebs,
1133 3234 1166 3288 ut

211 3306 299 3367 unius
312 3323 409 3384 poena
432 3305 652 3385 defungendum
667 3318 746 3370 esset
760 3309 902 3390 patribus.
931 3313 1105 3374 restiterunt
1122 3317 1165 3371 ta·

211 3405 280 3450 meu
302 3389 424 3472 adversa
445 3389 569 3461 invidia,
589 3393 694 3470 usique
709 3400 778 3454 sunt
794 3411 852 3472 qua
865 3395 927 3456 suis
941 3396 1083 3473 quisque,
1107 3411 1164 3472 qua

211 3472 301 3534 totius
316 3471 428 3534 ordinis
441 3472 563 3535 viribus.
579 3493 613 3536 00
627 3477 724 3554 primo
738 3484 878 3557 temptata
892 3495 942 3541 rcs
957 3485 1010 3550 est,
1024 3479 1051 3541 si
1065 3478 1164 3560 dispo·
