2572 3956
215 157 261 220 98
334 171 430 212 nterim
441 171 476 216 11,
495 169 564 212 oau-
576 161 618 216 36·
631 160 673 216 37.
690 157 729 224 [a.
742 172 771 212 ιι.
787 173 812 210 o.
824 161 885 215 263·
894 151 967 230 (tot.
976 152 1065 230 toti]

221 321 317 384 fessus
332 319 422 399 igitur
439 317 524 384 malis
538 319 705 396 praeteritis
718 317 956 394 instantibusque
968 315 1095 380 consilio
1106 335 1186 396 pro·

221 405 402 484 pinqnorum
418 400 549 463 adhibito
566 419 633 462 cunr
649 403 708 464 visa
724 409 811 480 atque
828 401 926 462 audita
945 409 975 462 et
988 400 1184 464 obversatum
1270 419 1271 460 ι

221 490 328 553 totiens
343 503 446 548 somno
461 487 573 556 lovem,
597 487 692 546 minas
707 487 825 564 irasque
841 484 982 548 caelestes
1000 485 1181 563 repressam

221 579 294 633 tatas
312 569 428 632 casibus
443 571 504 632 suis
522 569 720 648 exposuisset,
743 587 891 632 consensu
906 569 975 630 inde
988 569 1068 637 haud
1084 566 1182 632 dubie
1270 633 1271 638 ,

222 657 354 716 omnium
374 655 424 731 qui
450 653 572 714 aderant
592 655 623 714 in
638 653 736 715 forum
751 653 791 714 ad
808 652 944 722 consides
957 652 1063 718 lectica
1078 652 1181 714 defer·

187 749 203 798 7
221 746 278 800 tur.
301 737 369 800 inde
383 739 414 797 in
427 739 538 798 curiam
550 739 630 798 iussn
642 735 797 799 consulum
808 735 922 801 delatus
931 737 1036 800 eadem
1046 735 1097 798 illa
1109 755 1181 798 cum
1270 743 1271 746 ’

221 822 354 902 patribus
379 821 491 900 ingenti
519 823 651 880 omnium
676 821 883 886 admiratione.
896 828 1078 896 extenuasset,
1105 839 1181 882 cccc

221 905 301 966 alind
314 903 503 966 miraculum:
524 905 575 982 qui
589 911 691 983 captus
706 902 843 974 omnibus
859 903 1002 967 memhris
1017 903 1131 976 delanrs
1145 906 1178 968 iu

222 990 336 1050 curiam
361 995 454 1058 essct,
477 1007 545 1050 enm
563 987 696 1050 iunctum
717 988 814 1050 officio
831 987 957 1068 pedihus
981 988 1180 1053 suisdomum
1270 991 1271 1020 ³

222 1072 334 1134 redisse
348 1073 487 1134 traditum
504 1073 665 1134 memoriae
681 1079 733 1134 est
1044 1136 1047 1143 Δ

189 1167 203 1219 1
283 1155 420 1220 XXXVII.
444 1155 518 1218 Ludi
534 1173 621 1233 qnam
637 1155 810 1236 amplissimi
820 1163 852 1216 nt
865 1155 979 1227 fierent,
995 1163 1114 1218 senatus
1124 1155 1180 1218 de-

126 1313 127 1318 *
222 1241 322 1303 crevit.
355 1240 392 1300 ad
412 1259 462 1302 eos
482 1238 568 1300 ludos
588 1247 708 1302 auctore
723 1240 799 1302 Attio
816 1238 912 1302 Tullio
927 1241 970 1302 vis
986 1257 1091 1318 inagna
1108 1239 1179 1300 Vol·

186 1338 341 1387 asnorum
363 1325 450 1386 venit,
482 1325 656 1401 priusquam
676 1325 930 1386 committerentur
949 1321 1027 1394 ludi,
1051 1322 1178 1402 Tullius,

221 1415 253 1468 nt
268 1408 348 1467 domi
362 1408 557 1485 compositum
580 1425 647 1468 cnm
662 1407 771 1468 Marcio
788 1407 897 1478 inerat,
918 1407 954 1468 ad
976 1405 1113 1471 consules
1127 1425 1178 1468 ve·

221 1493 279 1559 nit;
306 1491 377 1550 dicit
398 1509 478 1560 esse,
505 1507 582 1568 quae
602 1498 718 1552 secreto
743 1508 832 1569 agere
853 1491 890 1555 do
910 1509 943 1552 re
961 1490 1081 1569 publica
1097 1489 1176 1552 uelit
1270 1563 1271 1566 Ἴ

188 1587 204 1639 3
222 1574 341 1634 arbitris
355 1575 476 1636 remotis
490 1575 638 1644 „invitus“
655 1575 751 1652 inquit
761 1575 861 1652 „quod
872 1575 992 1650 sequius
1004 1577 1041 1636 sit
1053 1574 1090 1635 do
1103 1577 1179 1636 meis

222 1655 333 1718 civibus
355 1655 471 1735 loquor.
509 1675 570 1717 non
592 1665 689 1719 tamen
709 1659 870 1720 admissum
893 1660 1051 1736 quicquam
1075 1657 1112 1718 ab
1140 1660 1179 1720 iis
1270 1711 1271 1728 ι

186 1756 204 1804 4
222 1743 408 1802 criminatum
426 1743 522 1812 venio,
538 1741 591 1805 sed
606 1750 738 1813 cantum,
756 1759 795 1810 ne
812 1743 973 1804 admittant.
1001 1742 1093 1803 niniio
1109 1741 1177 1820 plns
1270 1749 1271 1816 l

187 1838 309 1903 tiquam
330 1825 417 1888 velim
441 1831 611 1887 nostrorum
631 1827 749 1903 ingenia
769 1832 839 1888 saint
857 1824 987 1889 mobilia.
1022 1817 1121 1886 multis
1145 1825 1177 1886 id

223 1908 354 1971 cladibus
381 1911 535 1981 sensimus,
563 1911 672 1988 quippe
698 1913 749 1987 qui
775 1928 835 1970 non
863 1916 964 1970 nostro
992 1911 1097 1975 merito
1124 1909 1177 1969 sed

221 1999 317 2056 vestra
338 1995 477 2072 patientia
499 1993 663 2054 incolumes
685 1995 784 2055 simus.
817 2009 922 2070 magna
944 1993 994 2052 hic
1011 2007 1091 2054 nnnc
1108 1991 1175 2053 Vol·
1270 2021 1271 2072 q

222 2095 341 2138 snorum
358 2076 512 2138 multitudo
527 2084 585 2145 est;
601 2075 663 2137 ludi
675 2084 756 2146 sunt;
772 2074 942 2156 spectaculo
953 2078 1064 2137 intenta
1076 2077 1176 2136 civitas

187 2161 286 2228 derit.
311 2161 456 2230 memini,
480 2159 550 2237 qnid
571 2177 625 2236 per
649 2161 774 2222 eandem
791 2162 978 2222 occasionem
995 2159 1032 2220 ah
1051 2157 1176 2222 Sabino·

221 2260 289 2303 rum
308 2245 457 2304 iuventute
478 2244 509 2302 in
533 2241 589 2305 hac
611 2241 687 2304 urhe
707 2245 897 2306 commissum
918 2245 964 2306 sit.
991 2243 1095 2306 horret
1113 2244 1175 2304 ani·

221 2342 296 2394 mus,
308 2343 346 2386 ne
359 2325 428 2402 quid
440 2325 605 2386 inconsulte
615 2343 649 2386 ao
661 2333 773 2390 temere
787 2329 845 2406 flat.
868 2327 942 2388 haec
953 2333 1053 2406 nostra
1065 2335 1174 2388 vestra·
1211 2339 1215 2348 ·

187 2425 205 2475 '1
222 2424 279 2484 que
294 2424 381 2468 cansa
395 2409 479 2488 prius
493 2407 615 2472 dicenda
632 2407 724 2480 vobis,
740 2411 887 2481 consules,
902 2419 983 2470 ratus
997 2428 1072 2476 sum.
1097 2409 1174 2487 quod
1270 2455 1271 2462 ι

222 2490 258 2551 ad
274 2509 321 2552 mc
335 2493 452 2562 attinet,
476 2491 622 2571 extemplo
637 2491 708 2558 hinc
725 2494 846 2555 domum
861 2493 946 2569 abire
960 2495 992 2552 in
1007 2493 1104 2554 animo
1122 2501 1174 2562 est,

186 2583 259 2636 sue
282 2576 365 2636 cuius
383 2574 452 2635 facti
470 2575 574 2636 dintive
594 2578 770 2654 contagione
788 2595 931 2656 praesens
947 2575 1073 2637 violer.“
1101 2575 1174 2636 hacc

221 2656 336 2719 locutus
356 2657 436 2720 abiit.
467 2657 605 2722 consules
625 2678 693 2725 cum
717 2661 754 2721 ad
776 2668 877 2739 patres
898 2677 963 2722 rem
983 2658 1103 2726 amiam
1119 2657 1173 2720 sub

221 2747 341 2802 auctore
354 2749 435 2804 certo
447 2741 627 2814 detulissent,
645 2751 747 2806 auctor
759 2745 860 2822 magis,
878 2743 963 2812 utlit,
979 2759 1127 2820 qnsmres
1137 2741 1175 2803 ad

220 2823 457 2903 praecavendum
470 2824 516 2887 vel
533 2844 569 2887 ox
584 2845 765 2906 supervacuo
780 2827 884 2896 morin
903 2827 1039 2904 laetoque
1055 2831 1174 2886 senatus

221 2905 371 2979 consrdto,
393 2915 426 2968 ut
449 2908 556 2971 urbem
572 2909 750 2976 excederent
764 2908 877 2980 Volsci,
896 2927 1063 2988 praecones
1078 2909 1174 2970 dimit·

221 2995 337 3062 tuntur,
361 2992 412 3069 qui
432 3010 535 3054 omnes
557 3010 608 3055 eos
625 2995 776 3074 proficisci
794 3002 862 3055 ante
885 3000 1005 3056 noctem
1027 2991 1174 3057 timerent,

187 3073 327 3152 tingens
346 3093 438 3155 pavor
457 3077 554 3154 primo
572 3071 764 3140 discurrentis
783 3077 821 3139 ad
835 3095 903 3140 suas
920 3095 971 3138 res
985 3075 1131 3140 tallendas
1144 3075 1173 3134 in

221 3155 348 3238 hospitia
368 3159 503 3238 perculit
532 3161 789 3238 proficiscentibus
813 3161 919 3225 deinde
943 3159 1106 3237 indignatio
1121 3157 1174 3218 ob·

223 3247 302 3310 orta,
323 3261 355 3304 se
377 3251 411 3304 ut
426 3241 642 3307 consceleratos
660 3246 930 3323 contaminatosque
949 3243 986 3307 ab
1002 3243 1079 3305 ludis
1094 3241 1176 3304 lestis

223 3322 327 3386 diebus
355 3335 441 3388 coetu
466 3325 595 3404 quodam
621 3329 709 3392 modo
734 3329 888 3390 huminum
914 3328 1097 3404 demumque
1124 3322 1174 3384 ab·

221 3413 304 3470 actos
320 3427 393 3470 esse.
821 3448 823 3452 -
