2580 3954
209 234 270 300 198
407 256 503 298 ursus
516 255 559 298 rr.
582 255 652 298 cnr.
666 244 692 298 2.
709 244 736 298 ι.
759 235 803 319 [c.
818 259 850 300 u.
865 259 892 303 c.
906 235 973 319 309]

179 403 293 489 ⁷[sit],
308 405 449 467 dimidius
462 404 568 486 plebis,
585 423 623 466 ue
638 423 740 468 secum
753 405 875 486 quidem
889 408 954 488 ipse
964 425 1103 470 concors.
1126 425 1178 487 pc·

208 509 277 552 rum
291 490 324 552 id
337 489 447 560 videri,
470 489 549 569 quod
563 491 663 552 omnio
677 489 777 552 diviua
797 491 985 572 humanaque
999 490 1178 555 turbentur:

209 578 270 638 iam
290 574 328 638 ed
348 573 533 637 consulatum
553 573 632 651 vulgi
656 571 829 636 turbatores
854 577 980 654 accingi.
1019 583 1050 637 ct
1069 577 1177 657 primo,

209 667 243 722 ut
258 661 333 722 aiter
347 658 450 720 consul
465 675 501 718 ex
516 655 604 739 plebe
619 658 720 730 deret,
742 659 774 720 id
788 659 877 721 modo
896 657 1087 724 sermonibus
1103 668 1179 721 tcm-

210 753 326 826 ptcsse;
354 760 434 804 nuuc
455 743 571 820 rogari,
594 750 642 812 ut,
665 760 719 803 seu
741 761 778 804 cx
799 741 937 823 patribus
958 761 1012 806 seu
1033 741 1180 824 explebe
1243 749 1246 756 ’

209 829 296 900 velit,
321 826 448 908 populus
469 825 606 887 consules
627 832 721 888 creet.
759 834 789 889 ct
810 835 965 890 creaturos
986 827 1066 890 baud
1087 827 1180 890 dubie

211 931 249 975 ex
269 911 357 992 plebe
372 910 633 986 seditiosissimum
652 927 815 992 quemquo:
839 911 995 974 Canuleios
1015 914 1109 990 igitur
1123 911 1180 974 lci-

182 998 325 1078 ulicsque
347 993 483 1056 consides
501 994 577 1056 iore.
614 1013 652 1056 uc
673 994 706 1056 id
724 994 860 1076 Iuppiter
880 998 1011 1076 optimus
1032 999 1180 1058 monimus

211 1084 338 1150 sineret,
361 1081 464 1158 regiae
486 1079 651 1140 maiestatis
672 1080 833 1160 imperium
854 1097 892 1141 eo
913 1076 1066 1152 recidero}
1095 1091 1126 1142 et
1147 1098 1180 1142 se

210 1166 332 1227 miliens
353 1166 516 1225 morituros
536 1166 650 1244 potius,
672 1181 761 1245 quem
781 1172 814 1226 ut
828 1171 945 1227 tautum
959 1164 1116 1226 dedecoris
1130 1165 1181 1226 ed·

182 1252 290 1323 emitti
305 1251 467 1330 patiantur.
505 1255 620 1309 certum
634 1246 746 1310 bebere
760 1250 891 1310 maiores
909 1267 1041 1331 quoque,
1064 1249 1181 1311 sidivi·

211 1341 335 1397 nasseut
348 1331 539 1395 concedendo
553 1335 653 1394 omnia
666 1351 727 1394 nou
742 1335 892 1395 mittorem
908 1335 941 1394 iu
952 1351 984 1394 se
996 1331 1117 1413 piebem
1128 1333 1182 1396 scd

213 1421 395 1500 asperiorem
411 1417 468 1479 alia
484 1435 520 1478 cx
535 1416 602 1478 aliis
615 1419 767 1496 iniquiora
787 1416 978 1497 postulando,
1002 1435 1070 1479 cum
1084 1419 1182 1497 prima

172 1506 414 1583 reimpetrassct,
429 1503 572 1570 futuram,
587 1501 686 1579 primo
698 1499 862 1580 quamlibet
873 1501 1097 1563 dimicationem
1111 1500 1182 1564 sub·

211 1590 309 1649 ituros
323 1587 416 1646 tuisse
436 1586 550 1663 potius,
573 1601 664 1663 quam
684 1602 735 1646 eas
749 1585 832 1664 leges
846 1585 906 1647 sibi
919 1586 1025 1666 inponi
1042 1593 1180 1667 patercu-

213 1681 272 1734 tur.
303 1671 372 1750 quie
387 1677 451 1730 tum
466 1685 643 1730 concessum
661 1671 702 1730 sit
716 1668 754 1730 de
768 1669 913 1740 tribunis,
934 1669 1045 1731 iterum
1059 1686 1181 1732 conces·

171 1770 202 1821 11
212 1774 279 1818 sum
301 1771 382 1824 esse;
405 1755 496 1815 finem
516 1771 577 1815 non
598 1753 675 1814 fleri.
711 1769 773 1815 non
787 1771 874 1834 posse
894 1755 927 1814 iu
942 1753 1048 1815 eadem
1062 1756 1183 1816 civitate

212 1839 352 1907 tribunos
365 1837 463 1917 plebis
478 1844 508 1899 et
518 1844 621 1917 patres
631 1855 714 1899 csse:
730 1845 781 1899 aut
794 1837 874 1898 bunc
886 1837 1024 1900 ordinem
1037 1846 1088 1900 aut
1098 1837 1184 1900 ilium

212 1926 418 2003 magistratum
440 1922 603 1984 tollendum
624 1938 706 1993 esse,
728 1923 886 2003 potiusque
907 1940 975 1984 sero
993 1939 1083 2002 quom
1097 1940 1183 1984 uum·

172 2023 302 2090 requam
322 2005 438 2068 obviam
459 2005 590 2067 eundum
612 2003 754 2066 audaciae
775 2008 1010 2088 temeritatique.
1045 2006 1128 2068 illiue
1151 2013 1185 2067 ut

212 2095 325 2173 inpune
340 2093 438 2171 primo
453 2089 621 2151 discordias
634 2095 770 2151 serentes
784 2092 936 2152 concitent
954 2091 1080 2152 finitima
1095 2089 1183 2161 bella,

213 2177 321 2240 deinde
337 2175 478 2237 adversus
492 2193 541 2244 ea,
562 2191 638 2254 quae
653 2175 881 2246 concitaverint,
902 2177 1013 2236 armari
1033 2176 1183 2236 civitatem

213 2260 395 2340 defendique
415 2257 613 2339 probibcaut;
636 2264 668 2318 et
681 2275 750 2320 cum
763 2257 866 2321 hostes
879 2266 996 2322 tontum
1009 2277 1070 2321 nou
1085 2276 1185 2321 arces·

214 2348 337 2414 sierint,
361 2345 512 2407 exercitus
534 2339 686 2405 conscribi
708 2342 850 2405 adversus
871 2342 973 2406 hostes
994 2361 1053 2406 uon
1068 2346 1185 2423 patien-

172 2444 205 2499 ιι
215 2437 273 2501 tur,
296 2427 350 2491 scd
363 2427 471 2491 audeat
485 2426 645 2490 Canuleius
658 2429 691 2489 in
705 2435 812 2490 senatu
825 2426 963 2508 proloqui
978 2444 1020 2498 se,
1042 2429 1101 2489 nisi
1115 2445 1187 2489 sues

213 2515 297 2594 leges
311 2522 462 2593 tamquam
476 2514 600 2574 victoris
612 2519 715 2593 patres
728 2514 826 2593 accipi
840 2513 956 2584 sinant,
977 2510 1117 2574 dilectum
1131 2511 1185 2572 ba·

213 2599 281 2662 beri
295 2597 539 2680 prohibiturum?
560 2596 631 2678 qutd
647 2613 712 2658 esse
727 2595 808 2658 eliud
822 2613 912 2678 quam
923 2598 1033 2659 minari
1044 2598 1071 2657 si
1082 2595 1186 2675 prodi-

213 2691 316 2746 turum
330 2684 468 2762 patriam,
485 2683 652 2761 oppugnari
664 2687 753 2761 atquc
764 2682 831 2760 capi
843 2681 1021 2761 passurumi
1035 2680 1107 2761 quid
1118 2697 1186 2742 eam

213 2785 316 2837 vocem
331 2769 499 2828 animorum
510 2783 570 2826 uon
582 2763 664 2844 plebi
675 2764 824 2827 Romanas
839 2764 893 2826 sed
905 2763 1020 2827 Volscis
1031 2772 1062 2826 ct
1074 2765 1187 2843 Aequis

174 2869 206 2922 14
215 2861 246 2913 et
259 2849 436 2912 Veientibus
451 2849 625 2911 allaturami
639 2867 738 2911 nonno
753 2847 896 2911 Conuicto
910 2849 987 2911 duce
1001 2866 1033 2911 se
1049 2854 1185 2929 speratu-

214 2955 265 2998 ros
286 2933 464 3014 Capitolium
484 2941 575 3014 atquc
596 2951 696 2995 arcem
716 2933 860 2996 scandere
874 2949 981 3014 posse,
1002 2949 1035 2995 se
1049 2931 1187 3012 patribus

214 3017 331 3084 tribuni
346 3035 415 3080 cum
434 3021 501 3080 iure
516 3035 551 3080 ac
565 3020 720 3081 maiestate
735 3018 872 3099 adempta
888 3019 1004 3080 animos
1020 3019 1111 3079 etiam
1126 3015 1185 3077 eri·

214 3102 356 3187 puerinti
378 3101 515 3165 consules
535 3110 655 3181 puratos
675 3119 740 3164 esse
755 3103 847 3165 duces
865 3105 950 3183 prius
964 3101 1105 3166 adversus
1120 3118 1186 3164 sce·

214 3187 262 3252 ius
276 3190 386 3250 civium
400 3206 490 3268 quam
505 3188 647 3250 adversus
660 3187 794 3249 hostium
808 3195 911 3250 erma.'
1165 3266 1167 3270 ι

188 3289 202 3347 ι
278 3269 328 3334 111.
360 3271 434 3334 Cum
454 3275 583 3334 maxime
602 3272 678 3333 baec
701 3273 734 3332 in
755 3279 860 3334 senatu
884 3278 1060 3350 agerentur,
1089 3270 1186 3332 Canu·

214 3355 292 3419 leius
312 3374 368 3435 pro
388 3354 507 3434 legibus
521 3358 584 3419 suis
604 3365 635 3417 et
649 3356 791 3418 adversus
812 3357 950 3418 consules
969 3357 1011 3418 ita
1025 3355 1186 3416 disseruit:

186 3448 356 3604 &biiii
369 3435 1187 3606 stitit’qidtbttddittdttitatd
