<?xml version="1.0" encoding="UTF-8"?>
<!DOCTYPE html PUBLIC "-//W3C//DTD XHTML 1.0 Transitional//EN"
    "http://www.w3.org/TR/xhtml1/DTD/xhtml1-transitional.dtd">
<html xmlns="http://www.w3.org/1999/xhtml" xml:lang="en" lang="en">
 <head>
  <title>
</title>
<meta http-equiv="Content-Type" content="text/html;charset=utf-8" />
  <meta name='ocr-system' content='tesseract 3.04.00' />
  <meta name='ocr-capabilities' content='ocr_page ocr_carea ocr_par ocr_line ocrx_word'/>
</head>
<body>
  <div class='ocr_page' id='page_1' title='image "./aburbeconditali01rossgoog_0308.png"; bbox 0 0 2580 3954; ppageno 0'>
   <div class='ocr_carea' id='block_1_1' title="bbox 207 183 990 268">
    <p class='ocr_par' dir='ltr' id='par_1_1' title="bbox 207 183 990 268">
     <span class='ocr_line' id='line_1_1' title="bbox 207 183 990 268; baseline -0.005 -19"><span class='ocrx_word' id='word_1_1' title='bbox 207 189 267 254; x_wconf 82' lang='lat'><strong>168</strong></span> <span class='ocrx_word' id='word_1_2' title='bbox 381 205 476 248; x_wconf 75' lang='lat' dir='ltr'><strong>arnna</strong></span> <span class='ocrx_word' id='word_1_3' title='bbox 491 205 539 247; x_wconf 87' lang='lat'>111.</span> <span class='ocrx_word' id='word_1_4' title='bbox 567 205 638 247; x_wconf 75' lang='lat' dir='ltr'><strong>cer.</strong></span> <span class='ocrx_word' id='word_1_5' title='bbox 655 196 697 250; x_wconf 80' lang='lat' dir='ltr'><strong>ta.</strong></span> <span class='ocrx_word' id='word_1_6' title='bbox 712 195 756 250; x_wconf 80' lang='lat' dir='ltr'><strong>tt.</strong></span> <span class='ocrx_word' id='word_1_7' title='bbox 786 185 824 268; x_wconf 86' lang='lat' dir='ltr'><strong>[a.</strong></span> <span class='ocrx_word' id='word_1_8' title='bbox 839 206 868 248; x_wconf 90' lang='lat' dir='ltr'><strong>u.</strong></span> <span class='ocrx_word' id='word_1_9' title='bbox 887 207 912 247; x_wconf 87' lang='lat' dir='ltr'><strong>c.</strong></span> <span class='ocrx_word' id='word_1_10' title='bbox 928 183 990 268; x_wconf 73' lang='lat'><strong>304]</strong></span> 
     </span>
    </p>
   </div>
   <div class='ocr_carea' id='block_1_2' title="bbox 172 353 1165 601">
    <p class='ocr_par' dir='ltr' id='par_1_2' title="bbox 172 353 1165 601">
     <span class='ocr_line' id='line_1_2' title="bbox 206 353 1164 434; baseline 0.003 -18"><span class='ocrx_word' id='word_1_11' title='bbox 206 356 315 416; x_wconf 82' lang='lat' dir='ltr'><strong>minem</strong></span> <span class='ocrx_word' id='word_1_12' title='bbox 329 374 393 418; x_wconf 88' lang='lat' dir='ltr'><strong>esse</strong></span> <span class='ocrx_word' id='word_1_13' title='bbox 405 354 510 426; x_wconf 91' lang='lat' dir='ltr'><strong>alium,</strong></span> <span class='ocrx_word' id='word_1_14' title='bbox 524 357 573 417; x_wconf 90' lang='lat' dir='ltr'><strong>cui</strong></span> <span class='ocrx_word' id='word_1_15' title='bbox 584 356 721 417; x_wconf 89' lang='lat' dir='ltr'><strong>dominus</strong></span> <span class='ocrx_word' id='word_1_16' title='bbox 732 357 919 434; x_wconf 84' lang='lat' dir='ltr'>possessione</span> <span class='ocrx_word' id='word_1_17' title='bbox 931 355 1029 417; x_wconf 87' lang='lat' dir='ltr'><strong>cedat:</strong></span> <span class='ocrx_word' id='word_1_18' title='bbox 1041 353 1164 434; x_wconf 80' lang='lat' dir='ltr'><strong>placere</strong></span> 
     </span>
     <span class='ocr_line' id='line_1_3' title="bbox 172 441 1163 519; baseline 0.008 -25"><span class='ocrx_word' id='word_1_19' title='bbox 172 442 188 493; x_wconf 79' lang='grc'>3</span> <span class='ocrx_word' id='word_1_20' title='bbox 205 442 303 516; x_wconf 89' lang='lat' dir='ltr'><strong>itaque</strong></span> <span class='ocrx_word' id='word_1_21' title='bbox 318 447 433 519; x_wconf 90' lang='lat' dir='ltr'><strong>patrem</strong></span> <span class='ocrx_word' id='word_1_22' title='bbox 449 441 600 508; x_wconf 80' lang='lat' dir='ltr'><strong>arcessiri:</strong></span> <span class='ocrx_word' id='word_1_23' title='bbox 618 442 732 502; x_wconf 90' lang='lat' dir='ltr'><strong>interea</strong></span> <span class='ocrx_word' id='word_1_24' title='bbox 748 441 821 500; x_wconf 90' lang='lat' dir='ltr'><strong>iuris</strong></span> <span class='ocrx_word' id='word_1_25' title='bbox 840 441 885 500; x_wconf 88' lang='lat' dir='ltr'><strong>sui</strong></span> <span class='ocrx_word' id='word_1_26' title='bbox 900 441 1043 500; x_wconf 90' lang='lat' dir='ltr'><strong>iacturam</strong></span> <span class='ocrx_word' id='word_1_27' title='bbox 1060 441 1163 502; x_wconf 84' lang='lat' dir='ltr'><strong>adser-</strong></span> 
     </span>
     <span class='ocr_line' id='line_1_4' title="bbox 204 521 1165 601; baseline 0.002 -18"><span class='ocrx_word' id='word_1_28' title='bbox 204 531 300 584; x_wconf 80' lang='lat' dir='ltr'><strong>torem</strong></span> <span class='ocrx_word' id='word_1_29' title='bbox 321 541 382 584; x_wconf 90' lang='lat' dir='ltr'><strong>non</strong></span> <span class='ocrx_word' id='word_1_30' title='bbox 404 524 519 594; x_wconf 86' lang='lat' dir='ltr'><strong>iacere,</strong></span> <span class='ocrx_word' id='word_1_31' title='bbox 544 526 615 601; x_wconf 92' lang='lat' dir='ltr'><strong>quin</strong></span> <span class='ocrx_word' id='word_1_32' title='bbox 635 524 723 586; x_wconf 87' lang='lat' dir='ltr'><strong>ducat</strong></span> <span class='ocrx_word' id='word_1_33' title='bbox 741 521 870 601; x_wconf 80' lang='lat' dir='ltr'><strong>puellam</strong></span> <span class='ocrx_word' id='word_1_34' title='bbox 890 523 1107 600; x_wconf 77' lang='lat' dir='ltr'><strong>sistendamque</strong></span> <span class='ocrx_word' id='word_1_35' title='bbox 1129 526 1165 585; x_wconf 88' lang='lat' dir='ltr'><strong>in</strong></span> 
     </span>
    </p>
   </div>
   <div class='ocr_carea' id='block_1_3' title="bbox 168 607 1274 698">
    <p class='ocr_par' dir='ltr' id='par_1_3' title="bbox 168 607 1274 698">
     <span class='ocr_line' id='line_1_5' title="bbox 168 607 1274 698; baseline 0.007 -37"><span class='ocrx_word' id='word_1_36' title='bbox 168 607 358 668; x_wconf 76' lang='lat' dir='ltr'><strong>tadventum</strong></span> <span class='ocrx_word' id='word_1_37' title='bbox 381 609 459 677; x_wconf 90' lang='lat' dir='ltr'><strong>eius,</strong></span> <span class='ocrx_word' id='word_1_38' title='bbox 487 608 537 684; x_wconf 93' lang='lat' dir='ltr'><strong>qui</strong></span> <span class='ocrx_word' id='word_1_39' title='bbox 563 616 646 686; x_wconf 88' lang='lat' dir='ltr'><strong>pater</strong></span> <span class='ocrx_word' id='word_1_40' title='bbox 667 607 796 677; x_wconf 90' lang='lat' dir='ltr'><strong>dicatur,</strong></span> <span class='ocrx_word' id='word_1_41' title='bbox 823 607 982 685; x_wconf 76' lang='lat' dir='ltr'><strong>promittat.</strong></span> <span class='ocrx_word' id='word_1_42' title='bbox 1021 608 1164 669; x_wconf 83' lang='lat' dir='ltr'><strong>adversus</strong></span> <span class='ocrx_word' id='word_1_43' title='bbox 1272 673 1274 698; x_wconf 39' lang='lat'>4</span> 
     </span>
    </p>
   </div>
   <div class='ocr_carea' id='block_1_4' title="bbox 169 689 1165 1186">
    <p class='ocr_par' dir='ltr' id='par_1_4' title="bbox 169 689 1165 1186">
     <span class='ocr_line' id='line_1_6' title="bbox 204 689 1164 769; baseline 0.001 -18"><span class='ocrx_word' id='word_1_44' title='bbox 204 693 341 752; x_wconf 89' lang='lat' dir='ltr'><strong>iniuriam</strong></span> <span class='ocrx_word' id='word_1_45' title='bbox 361 691 471 753; x_wconf 75' lang='lat' dir='ltr'><strong>decreti</strong></span> <span class='ocrx_word' id='word_1_46' title='bbox 494 709 561 751; x_wconf 87' lang='lat' dir='ltr'><strong>cum</strong></span> <span class='ocrx_word' id='word_1_47' title='bbox 582 689 666 752; x_wconf 91' lang='lat' dir='ltr'><strong>multi</strong></span> <span class='ocrx_word' id='word_1_48' title='bbox 679 692 772 768; x_wconf 89' lang='lat' dir='ltr'><strong>magis</strong></span> <span class='ocrx_word' id='word_1_49' title='bbox 792 691 954 752; x_wconf 79' lang='lat' dir='ltr'><strong>fremerent</strong></span> <span class='ocrx_word' id='word_1_50' title='bbox 974 708 1062 769; x_wconf 91' lang='lat' dir='ltr'><strong>quam</strong></span> <span class='ocrx_word' id='word_1_51' title='bbox 1080 693 1164 768; x_wconf 54' lang='lat' dir='ltr'><strong>quis-2</strong></span> 
     </span>
     <span class='ocr_line' id='line_1_7' title="bbox 204 773 1165 853; baseline -0.003 -16"><span class='ocrx_word' id='word_1_52' title='bbox 204 792 292 852; x_wconf 82' lang='lat' dir='ltr'><strong>quarn</strong></span> <span class='ocrx_word' id='word_1_53' title='bbox 311 792 388 837; x_wconf 86' lang='lat' dir='ltr'><strong>unus</strong></span> <span class='ocrx_word' id='word_1_54' title='bbox 402 792 541 835; x_wconf 88' lang='lat' dir='ltr'><strong>recusare</strong></span> <span class='ocrx_word' id='word_1_55' title='bbox 557 775 694 843; x_wconf 86' lang='lat' dir='ltr'><strong>auderet,</strong></span> <span class='ocrx_word' id='word_1_56' title='bbox 717 775 750 835; x_wconf 80' lang='lat'><strong>1¹.</strong></span> <span class='ocrx_word' id='word_1_57' title='bbox 765 773 946 836; x_wconf 85' lang='lat' dir='ltr'><strong>Numitorius</strong></span> <span class='ocrx_word' id='word_1_58' title='bbox 960 774 1075 853; x_wconf 90' lang='lat' dir='ltr'><strong>puellae</strong></span> <span class='ocrx_word' id='word_1_59' title='bbox 1091 793 1165 834; x_wconf 80' lang='lat' dir='ltr'><strong>avus</strong></span> 
     </span>
     <span class='ocr_line' id='line_1_8' title="bbox 169 857 1163 936; baseline -0.004 -16"><span class='ocrx_word' id='word_1_60' title='bbox 169 862 186 912; x_wconf 75' lang='lat' dir='ltr'><strong>b</strong></span> <span class='ocrx_word' id='word_1_61' title='bbox 204 866 233 920; x_wconf 88' lang='lat' dir='ltr'><strong>et</strong></span> <span class='ocrx_word' id='word_1_62' title='bbox 246 875 372 936; x_wconf 88' lang='lat' dir='ltr'><strong>sponsus</strong></span> <span class='ocrx_word' id='word_1_63' title='bbox 386 857 486 918; x_wconf 88' lang='lat' dir='ltr'><strong>icilius</strong></span> <span class='ocrx_word' id='word_1_64' title='bbox 503 859 710 918; x_wconf 89' lang='lat' dir='ltr'><strong>interveniunt.</strong></span> <span class='ocrx_word' id='word_1_65' title='bbox 741 859 866 935; x_wconf 88' lang='lat' dir='ltr'><strong>dataque</strong></span> <span class='ocrx_word' id='word_1_66' title='bbox 881 859 958 918; x_wconf 91' lang='lat' dir='ltr'><strong>inter</strong></span> <span class='ocrx_word' id='word_1_67' title='bbox 973 857 1088 917; x_wconf 87' lang='lat' dir='ltr'><strong>turbam</strong></span> <span class='ocrx_word' id='word_1_68' title='bbox 1105 859 1163 926; x_wconf 64' lang='lat' dir='ltr'><strong>uia„</strong></span> 
     </span>
     <span class='ocr_line' id='line_1_9' title="bbox 204 940 1164 1018; baseline -0.002 -16"><span class='ocrx_word' id='word_1_69' title='bbox 204 959 271 1002; x_wconf 88' lang='lat' dir='ltr'><strong>cum</strong></span> <span class='ocrx_word' id='word_1_70' title='bbox 286 940 440 1001; x_wconf 90' lang='lat' dir='ltr'><strong>multitudo</strong></span> <span class='ocrx_word' id='word_1_71' title='bbox 457 941 522 1000; x_wconf 92' lang='lat' dir='ltr'><strong>lcili</strong></span> <span class='ocrx_word' id='word_1_72' title='bbox 539 943 664 1002; x_wconf 84' lang='lat' dir='ltr'><strong>maxime</strong></span> <span class='ocrx_word' id='word_1_73' title='bbox 679 943 846 1002; x_wconf 89' lang='lat' dir='ltr'><strong>interventu</strong></span> <span class='ocrx_word' id='word_1_74' title='bbox 856 943 954 1002; x_wconf 88' lang='lat' dir='ltr'><strong>resisti</strong></span> <span class='ocrx_word' id='word_1_75' title='bbox 967 959 1054 1017; x_wconf 88' lang='lat' dir='ltr'><strong>posse</strong></span> <span class='ocrx_word' id='word_1_76' title='bbox 1064 943 1164 1018; x_wconf 82' lang='lat' dir='ltr'><strong>Appio</strong></span> 
     </span>
     <span class='ocr_line' id='line_1_10' title="bbox 205 1023 1162 1101; baseline -0.002 -15"><span class='ocrx_word' id='word_1_77' title='bbox 205 1025 354 1094; x_wconf 86' lang='lat' dir='ltr'><strong>crederet,</strong></span> <span class='ocrx_word' id='word_1_78' title='bbox 366 1024 453 1084; x_wconf 83' lang='lat' dir='ltr'><strong>lictor</strong></span> <span class='ocrx_word' id='word_1_79' title='bbox 465 1025 603 1087; x_wconf 83' lang='lat' dir='ltr'><strong>decresse</strong></span> <span class='ocrx_word' id='word_1_80' title='bbox 614 1027 670 1094; x_wconf 90' lang='lat' dir='ltr'><strong>ait,</strong></span> <span class='ocrx_word' id='word_1_81' title='bbox 686 1024 954 1101; x_wconf 78' lang='lat' dir='ltr'><strong>vociferantemque</strong></span> <span class='ocrx_word' id='word_1_82' title='bbox 965 1023 1079 1084; x_wconf 90' lang='lat' dir='ltr'><strong>lcilium</strong></span> <span class='ocrx_word' id='word_1_83' title='bbox 1090 1023 1162 1084; x_wconf 89' lang='lat' dir='ltr'><strong>sub·</strong></span> 
     </span>
     <span class='ocr_line' id='line_1_11' title="bbox 169 1107 1160 1186; baseline 0.002 -19"><span class='ocrx_word' id='word_1_84' title='bbox 169 1117 186 1167; x_wconf 79' lang='lat' dir='ltr'><strong>tt</strong></span> <span class='ocrx_word' id='word_1_85' title='bbox 203 1115 307 1169; x_wconf 87' lang='lat' dir='ltr'><strong>moret.</strong></span> <span class='ocrx_word' id='word_1_86' title='bbox 341 1107 491 1186; x_wconf 90' lang='lat' dir='ltr'><strong>placidum</strong></span> <span class='ocrx_word' id='word_1_87' title='bbox 505 1126 622 1185; x_wconf 89' lang='lat' dir='ltr'><strong>quoque</strong></span> <span class='ocrx_word' id='word_1_88' title='bbox 639 1109 791 1185; x_wconf 84' lang='lat' dir='ltr'><strong>ingenium</strong></span> <span class='ocrx_word' id='word_1_89' title='bbox 809 1116 868 1167; x_wconf 89' lang='lat' dir='ltr'><strong>tam</strong></span> <span class='ocrx_word' id='word_1_90' title='bbox 889 1115 973 1168; x_wconf 85' lang='lat' dir='ltr'><strong>atrox</strong></span> <span class='ocrx_word' id='word_1_91' title='bbox 988 1108 1094 1168; x_wconf 91' lang='lat' dir='ltr'><strong>iniuria</strong></span> <span class='ocrx_word' id='word_1_92' title='bbox 1111 1125 1160 1169; x_wconf 89' lang='lat' dir='ltr'><strong>ac·</strong></span> 
     </span>
    </p>
   </div>
   <div class='ocr_carea' id='block_1_5' title="bbox 204 1190 1275 1270">
    <p class='ocr_par' dir='ltr' id='par_1_5' title="bbox 204 1190 1275 1270">
     <span class='ocr_line' id='line_1_12' title="bbox 204 1190 1275 1270; baseline -0.002 -16"><span class='ocrx_word' id='word_1_93' title='bbox 204 1191 364 1254; x_wconf 84' lang='lat' dir='ltr'><strong>cendisset:</strong></span> <span class='ocrx_word' id='word_1_94' title='bbox 386 1192 487 1263; x_wconf 90' lang='lat' dir='ltr'><strong>„ierro</strong></span> <span class='ocrx_word' id='word_1_95' title='bbox 507 1192 577 1252; x_wconf 89' lang='lat' dir='ltr'><strong>binc</strong></span> <span class='ocrx_word' id='word_1_96' title='bbox 599 1191 653 1252; x_wconf 92' lang='lat' dir='ltr'><strong>tibi</strong></span> <span class='ocrx_word' id='word_1_97' title='bbox 674 1190 890 1253; x_wconf 87' lang='lat' dir='ltr'><strong>submovendus</strong></span> <span class='ocrx_word' id='word_1_98' title='bbox 905 1209 983 1262; x_wconf 88' lang='lat' dir='ltr'><strong>sum,</strong></span> <span class='ocrx_word' id='word_1_99' title='bbox 1004 1192 1099 1270; x_wconf 76' lang='lat' dir='ltr'><strong>Appi‘</strong></span> <span class='ocrx_word' id='word_1_100' title='bbox 1114 1193 1160 1252; x_wconf 88' lang='lat' dir='ltr'><strong>in·</strong></span> <span class='ocrx_word' id='word_1_101' title='bbox 1274 1193 1275 1196; x_wconf 72' lang='grc'>’</span> 
     </span>
    </p>
   </div>
   <div class='ocr_carea' id='block_1_6' title="bbox 201 1274 1162 1354">
    <p class='ocr_par' dir='ltr' id='par_1_6' title="bbox 201 1274 1162 1354">
     <span class='ocr_line' id='line_1_13' title="bbox 201 1274 1162 1354; baseline -0.001 -18"><span class='ocrx_word' id='word_1_102' title='bbox 201 1279 280 1354; x_wconf 91' lang='lat' dir='ltr'><strong>quit,</strong></span> <span class='ocrx_word' id='word_1_103' title='bbox 297 1283 350 1346; x_wconf 88' lang='lat' dir='ltr'><strong>„ut</strong></span> <span class='ocrx_word' id='word_1_104' title='bbox 362 1279 483 1337; x_wconf 88' lang='lat' dir='ltr'><strong>tacitum</strong></span> <span class='ocrx_word' id='word_1_105' title='bbox 495 1277 572 1337; x_wconf 88' lang='lat' dir='ltr'><strong>ieras</strong></span> <span class='ocrx_word' id='word_1_106' title='bbox 585 1276 664 1354; x_wconf 91' lang='lat' dir='ltr'><strong>quod</strong></span> <span class='ocrx_word' id='word_1_107' title='bbox 676 1274 767 1336; x_wconf 90' lang='lat' dir='ltr'><strong>celari</strong></span> <span class='ocrx_word' id='word_1_108' title='bbox 778 1277 830 1336; x_wconf 88' lang='lat' dir='ltr'><strong>vis.</strong></span> <span class='ocrx_word' id='word_1_109' title='bbox 855 1276 1000 1353; x_wconf 85' lang='lat' dir='ltr'><strong>virginem</strong></span> <span class='ocrx_word' id='word_1_110' title='bbox 1011 1293 1067 1354; x_wconf 89' lang='lat' dir='ltr'><strong>ego</strong></span> <span class='ocrx_word' id='word_1_111' title='bbox 1081 1275 1162 1337; x_wconf 87' lang='lat' dir='ltr'><strong>banc</strong></span> 
     </span>
    </p>
   </div>
   <div class='ocr_carea' id='block_1_7' title="bbox 169 1358 1276 1440">
    <p class='ocr_par' dir='ltr' id='par_1_7' title="bbox 169 1358 1276 1440">
     <span class='ocr_line' id='line_1_14' title="bbox 169 1358 1276 1440; baseline -0.003 -17"><span class='ocrx_word' id='word_1_112' title='bbox 169 1367 184 1415; x_wconf 85' lang='lat' dir='ltr'><strong>&#39;t</strong></span> <span class='ocrx_word' id='word_1_113' title='bbox 203 1379 268 1423; x_wconf 91' lang='lat' dir='ltr'><strong>sum</strong></span> <span class='ocrx_word' id='word_1_114' title='bbox 280 1361 422 1421; x_wconf 87' lang='lat' dir='ltr'><strong>ducturus</strong></span> <span class='ocrx_word' id='word_1_115' title='bbox 433 1368 613 1438; x_wconf 89' lang='lat' dir='ltr'><strong>nuptamque</strong></span> <span class='ocrx_word' id='word_1_116' title='bbox 625 1360 761 1438; x_wconf 90' lang='lat' dir='ltr'><strong>pudicam</strong></span> <span class='ocrx_word' id='word_1_117' title='bbox 772 1358 936 1420; x_wconf 85' lang='lat' dir='ltr'><strong>habiturus.</strong></span> <span class='ocrx_word' id='word_1_118' title='bbox 959 1360 1163 1438; x_wconf 87' lang='lat' dir='ltr'><strong>proindeom-</strong></span> <span class='ocrx_word' id='word_1_119' title='bbox 1275 1425 1276 1440; x_wconf 12' lang='grc' dir='ltr'>χ</span> 
     </span>
    </p>
   </div>
   <div class='ocr_carea' id='block_1_8' title="bbox 154 1442 1162 3531">
    <p class='ocr_par' dir='ltr' id='par_1_8' title="bbox 154 1442 1162 3531">
     <span class='ocr_line' id='line_1_15' title="bbox 202 1442 1160 1521; baseline -0.002 -15"><span class='ocrx_word' id='word_1_120' title='bbox 202 1463 256 1506; x_wconf 89' lang='lat' dir='ltr'><strong>nes</strong></span> <span class='ocrx_word' id='word_1_121' title='bbox 271 1443 450 1520; x_wconf 90' lang='lat' dir='ltr'><strong>collegarum</strong></span> <span class='ocrx_word' id='word_1_122' title='bbox 467 1460 584 1521; x_wconf 90' lang='lat' dir='ltr'><strong>quoque</strong></span> <span class='ocrx_word' id='word_1_123' title='bbox 604 1442 724 1505; x_wconf 85' lang='lat' dir='ltr'><strong>lictores</strong></span> <span class='ocrx_word' id='word_1_124' title='bbox 739 1461 883 1513; x_wconf 79' lang='lat' dir='ltr'><strong>convoca,</strong></span> <span class='ocrx_word' id='word_1_125' title='bbox 909 1444 1042 1521; x_wconf 83' lang='lat' dir='ltr'><strong>expediri</strong></span> <span class='ocrx_word' id='word_1_126' title='bbox 1063 1445 1160 1521; x_wconf 78' lang='lat' dir='ltr'><strong>uirgas</strong></span> 
     </span>
     <span class='ocr_line' id='line_1_16' title="bbox 206 1527 1161 1606; baseline -0.001 -17"><span class='ocrx_word' id='word_1_127' title='bbox 206 1537 235 1589; x_wconf 91' lang='lat' dir='ltr'><strong>et</strong></span> <span class='ocrx_word' id='word_1_128' title='bbox 249 1545 368 1588; x_wconf 88' lang='lat' dir='ltr'><strong>secures</strong></span> <span class='ocrx_word' id='word_1_129' title='bbox 388 1527 471 1588; x_wconf 85' lang='lat' dir='ltr'><strong>iube:</strong></span> <span class='ocrx_word' id='word_1_130' title='bbox 494 1527 699 1587; x_wconf 84' lang='lat' dir='ltr'><strong>non&#39;manebit</strong></span> <span class='ocrx_word' id='word_1_131' title='bbox 714 1537 795 1588; x_wconf 84' lang='lat' dir='ltr'><strong>extra</strong></span> <span class='ocrx_word' id='word_1_132' title='bbox 811 1527 930 1588; x_wconf 86' lang='lat' dir='ltr'><strong>domum</strong></span> <span class='ocrx_word' id='word_1_133' title='bbox 944 1529 1035 1605; x_wconf 88' lang='lat' dir='ltr'><strong>patris</strong></span> <span class='ocrx_word' id='word_1_134' title='bbox 1051 1545 1161 1606; x_wconf 89' lang='lat' dir='ltr'><strong>sponsa</strong></span> 
     </span>
     <span class='ocr_line' id='line_1_17' title="bbox 169 1609 1161 1689; baseline 0.002 -21"><span class='ocrx_word' id='word_1_135' title='bbox 169 1617 185 1668; x_wconf 77' lang='grc' dir='ltr'><strong>Β</strong></span> <span class='ocrx_word' id='word_1_136' title='bbox 202 1611 274 1672; x_wconf 89' lang='lat' dir='ltr'><strong>lcili.</strong></span> <span class='ocrx_word' id='word_1_137' title='bbox 302 1627 377 1681; x_wconf 90' lang='lat' dir='ltr'><strong>non,</strong></span> <span class='ocrx_word' id='word_1_138' title='bbox 396 1611 421 1671; x_wconf 91' lang='lat' dir='ltr'><strong>si</strong></span> <span class='ocrx_word' id='word_1_139' title='bbox 432 1610 624 1672; x_wconf 90' lang='lat' dir='ltr'><strong>tribunicium</strong></span> <span class='ocrx_word' id='word_1_140' title='bbox 633 1609 773 1671; x_wconf 78' lang='lat' dir='ltr'><strong>auxilium</strong></span> <span class='ocrx_word' id='word_1_141' title='bbox 783 1620 811 1672; x_wconf 89' lang='lat' dir='ltr'><strong>et</strong></span> <span class='ocrx_word' id='word_1_142' title='bbox 824 1611 1065 1689; x_wconf 86' lang='lat' dir='ltr'><strong>provocationem</strong></span> <span class='ocrx_word' id='word_1_143' title='bbox 1079 1609 1161 1689; x_wconf 88' lang='lat' dir='ltr'><strong>plebi</strong></span> 
     </span>
     <span class='ocr_line' id='line_1_18' title="bbox 202 1693 1161 1765; baseline -0.003 -8"><span class='ocrx_word' id='word_1_144' title='bbox 202 1696 367 1765; x_wconf 86' lang='lat' dir='ltr'><strong>liomanae,</strong></span> <span class='ocrx_word' id='word_1_145' title='bbox 393 1694 465 1757; x_wconf 88' lang='lat' dir='ltr'><strong>duas</strong></span> <span class='ocrx_word' id='word_1_146' title='bbox 484 1713 568 1757; x_wconf 89' lang='lat' dir='ltr'><strong>arces</strong></span> <span class='ocrx_word' id='word_1_147' title='bbox 582 1694 727 1757; x_wconf 82' lang='lat' dir='ltr'><strong>libertatis</strong></span> <span class='ocrx_word' id='word_1_148' title='bbox 741 1694 882 1765; x_wconf 85' lang='lat' dir='ltr'><strong>tuendae,</strong></span> <span class='ocrx_word' id='word_1_149' title='bbox 905 1693 1068 1764; x_wconf 86' lang='lat' dir='ltr'><strong>ademistis,</strong></span> <span class='ocrx_word' id='word_1_150' title='bbox 1091 1695 1161 1755; x_wconf 91' lang='lat' dir='ltr'><strong>ideo</strong></span> 
     </span>
     <span class='ocr_line' id='line_1_19' title="bbox 203 1779 1160 1857; baseline -0.001 -17"><span class='ocrx_word' id='word_1_151' title='bbox 203 1783 234 1840; x_wconf 90' lang='lat' dir='ltr'><strong>in</strong></span> <span class='ocrx_word' id='word_1_152' title='bbox 256 1779 368 1840; x_wconf 91' lang='lat' dir='ltr'><strong>liberos</strong></span> <span class='ocrx_word' id='word_1_153' title='bbox 391 1797 508 1857; x_wconf 90' lang='lat' dir='ltr'><strong>quoque</strong></span> <span class='ocrx_word' id='word_1_154' title='bbox 536 1787 654 1841; x_wconf 88' lang='lat' dir='ltr'><strong>nostros</strong></span> <span class='ocrx_word' id='word_1_155' title='bbox 672 1781 872 1857; x_wconf 84' lang='lat' dir='ltr'><strong>coniugesque</strong></span> <span class='ocrx_word' id='word_1_156' title='bbox 897 1795 1023 1856; x_wconf 87' lang='lat' dir='ltr'><strong>regnum</strong></span> <span class='ocrx_word' id='word_1_157' title='bbox 1045 1786 1160 1840; x_wconf 84' lang='lat' dir='ltr'><strong>restrae</strong></span> 
     </span>
     <span class='ocr_line' id='line_1_20' title="bbox 169 1862 1162 1942; baseline -0.002 -18"><span class='ocrx_word' id='word_1_158' title='bbox 169 1863 186 1915; x_wconf 83' lang='grc'>9</span> <span class='ocrx_word' id='word_1_159' title='bbox 203 1863 318 1924; x_wconf 91' lang='lat' dir='ltr'><strong>libidini</strong></span> <span class='ocrx_word' id='word_1_160' title='bbox 334 1862 432 1924; x_wconf 88' lang='lat' dir='ltr'><strong>datum</strong></span> <span class='ocrx_word' id='word_1_161' title='bbox 451 1871 503 1925; x_wconf 92' lang='lat' dir='ltr'><strong>est.</strong></span> <span class='ocrx_word' id='word_1_162' title='bbox 535 1866 642 1926; x_wconf 83' lang='lat' dir='ltr'><strong>saevite</strong></span> <span class='ocrx_word' id='word_1_163' title='bbox 665 1865 697 1923; x_wconf 92' lang='lat' dir='ltr'><strong>in</strong></span> <span class='ocrx_word' id='word_1_164' title='bbox 717 1872 834 1942; x_wconf 87' lang='lat' dir='ltr'><strong>tergum</strong></span> <span class='ocrx_word' id='word_1_165' title='bbox 855 1865 934 1924; x_wconf 89' lang='lat' dir='ltr'><strong>etin</strong></span> <span class='ocrx_word' id='word_1_166' title='bbox 956 1865 1086 1924; x_wconf 83' lang='lat' dir='ltr'><strong>cervices</strong></span> <span class='ocrx_word' id='word_1_167' title='bbox 1106 1880 1162 1922; x_wconf 89' lang='lat' dir='ltr'><strong>no·</strong></span> 
     </span>
     <span class='ocr_line' id='line_1_21' title="bbox 203 1947 1159 2027; baseline -0.007 -16"><span class='ocrx_word' id='word_1_168' title='bbox 203 1957 291 2011; x_wconf 86' lang='lat' dir='ltr'><strong>stras:</strong></span> <span class='ocrx_word' id='word_1_169' title='bbox 315 1948 454 2027; x_wconf 84' lang='lat' dir='ltr'><strong>pudicitia</strong></span> <span class='ocrx_word' id='word_1_170' title='bbox 476 1948 578 2009; x_wconf 88' lang='lat' dir='ltr'><strong>saltem</strong></span> <span class='ocrx_word' id='word_1_171' title='bbox 601 1950 710 2009; x_wconf 91' lang='lat' dir='ltr'><strong>intuto</strong></span> <span class='ocrx_word' id='word_1_172' title='bbox 738 1949 783 2008; x_wconf 90' lang='lat' dir='ltr'><strong>sit.</strong></span> <span class='ocrx_word' id='word_1_173' title='bbox 814 1947 883 2008; x_wconf 91' lang='lat' dir='ltr'><strong>huic</strong></span> <span class='ocrx_word' id='word_1_174' title='bbox 902 1948 927 2008; x_wconf 91' lang='lat' dir='ltr'><strong>si</strong></span> <span class='ocrx_word' id='word_1_175' title='bbox 942 1948 985 2008; x_wconf 84' lang='lat' dir='ltr'><strong>vis</strong></span> <span class='ocrx_word' id='word_1_176' title='bbox 1000 1947 1159 2014; x_wconf 78' lang='lat' dir='ltr'><strong>adimetur,</strong></span> 
     </span>
     <span class='ocr_line' id='line_1_22' title="bbox 203 2030 1159 2111; baseline -0.007 -16"><span class='ocrx_word' id='word_1_177' title='bbox 203 2051 258 2110; x_wconf 90' lang='lat' dir='ltr'><strong>ego</strong></span> <span class='ocrx_word' id='word_1_178' title='bbox 282 2035 482 2111; x_wconf 86' lang='lat' dir='ltr'><strong>praesentium</strong></span> <span class='ocrx_word' id='word_1_179' title='bbox 501 2030 658 2101; x_wconf 85' lang='lat' dir='ltr'><strong>Quiritium</strong></span> <span class='ocrx_word' id='word_1_180' title='bbox 681 2051 735 2110; x_wconf 91' lang='lat' dir='ltr'><strong>pro</strong></span> <span class='ocrx_word' id='word_1_181' title='bbox 759 2049 883 2110; x_wconf 88' lang='lat' dir='ltr'><strong>sponsa,</strong></span> <span class='ocrx_word' id='word_1_182' title='bbox 904 2031 1060 2108; x_wconf 83' lang='lat' dir='ltr'><strong>Verginius</strong></span> <span class='ocrx_word' id='word_1_183' title='bbox 1083 2030 1159 2089; x_wconf 92' lang='lat' dir='ltr'><strong>mili·</strong></span> 
     </span>
     <span class='ocr_line' id='line_1_23' title="bbox 202 2111 1161 2194; baseline -0.003 -19"><span class='ocrx_word' id='word_1_184' title='bbox 202 2126 264 2176; x_wconf 90' lang='lat' dir='ltr'><strong>tum</strong></span> <span class='ocrx_word' id='word_1_185' title='bbox 279 2135 334 2194; x_wconf 89' lang='lat' dir='ltr'><strong>pro</strong></span> <span class='ocrx_word' id='word_1_186' title='bbox 350 2119 436 2177; x_wconf 89' lang='lat' dir='ltr'><strong>unica</strong></span> <span class='ocrx_word' id='word_1_187' title='bbox 451 2116 526 2186; x_wconf 87' lang='lat' dir='ltr'><strong>iilia,</strong></span> <span class='ocrx_word' id='word_1_188' title='bbox 542 2133 645 2177; x_wconf 90' lang='lat' dir='ltr'><strong>omnes</strong></span> <span class='ocrx_word' id='word_1_189' title='bbox 661 2115 785 2176; x_wconf 89' lang='lat' dir='ltr'><strong>deorum</strong></span> <span class='ocrx_word' id='word_1_190' title='bbox 798 2115 1011 2191; x_wconf 90' lang='lat' dir='ltr'><strong>hominumque</strong></span> <span class='ocrx_word' id='word_1_191' title='bbox 1029 2111 1161 2192; x_wconf 88' lang='lat' dir='ltr'><strong>inplora-</strong></span> 
     </span>
     <span class='ocr_line' id='line_1_24' title="bbox 203 2195 1160 2276; baseline -0.002 -16"><span class='ocrx_word' id='word_1_192' title='bbox 203 2199 301 2260; x_wconf 90' lang='lat' dir='ltr'><strong>bimus</strong></span> <span class='ocrx_word' id='word_1_193' title='bbox 316 2200 418 2269; x_wconf 86' lang='lat' dir='ltr'><strong>fidem,</strong></span> <span class='ocrx_word' id='word_1_194' title='bbox 437 2217 534 2276; x_wconf 89' lang='lat' dir='ltr'><strong>neque</strong></span> <span class='ocrx_word' id='word_1_195' title='bbox 542 2207 575 2260; x_wconf 94' lang='lat' dir='ltr'><strong>tu</strong></span> <span class='ocrx_word' id='word_1_196' title='bbox 588 2199 666 2260; x_wconf 91' lang='lat' dir='ltr'><strong>istud</strong></span> <span class='ocrx_word' id='word_1_197' title='bbox 681 2216 820 2276; x_wconf 88' lang='lat' dir='ltr'><strong>umquam</strong></span> <span class='ocrx_word' id='word_1_198' title='bbox 832 2199 982 2260; x_wconf 89' lang='lat' dir='ltr'><strong>decretum</strong></span> <span class='ocrx_word' id='word_1_199' title='bbox 994 2198 1058 2259; x_wconf 92' lang='lat' dir='ltr'><strong>sine</strong></span> <span class='ocrx_word' id='word_1_200' title='bbox 1070 2195 1160 2258; x_wconf 89' lang='lat' dir='ltr'><strong>caede</strong></span> 
     </span>
     <span class='ocr_line' id='line_1_25' title="bbox 156 2281 1159 2361; baseline -0.005 -17"><span class='ocrx_word' id='word_1_201' title='bbox 156 2290 303 2344; x_wconf 81' lang='lat' dir='ltr'><strong>innostra</strong></span> <span class='ocrx_word' id='word_1_202' title='bbox 326 2282 448 2344; x_wconf 81' lang='lat' dir='ltr'><strong>referes.</strong></span> <span class='ocrx_word' id='word_1_203' title='bbox 480 2281 612 2361; x_wconf 89' lang='lat' dir='ltr'><strong>postulo,</strong></span> <span class='ocrx_word' id='word_1_204' title='bbox 631 2284 722 2361; x_wconf 80' lang='lat' dir='ltr'><strong>Appi,</strong></span> <span class='ocrx_word' id='word_1_205' title='bbox 749 2283 834 2343; x_wconf 88' lang='lat' dir='ltr'><strong>etiam</strong></span> <span class='ocrx_word' id='word_1_206' title='bbox 857 2291 943 2359; x_wconf 85' lang='lat' dir='ltr'><strong>atque</strong></span> <span class='ocrx_word' id='word_1_207' title='bbox 961 2283 1047 2343; x_wconf 87' lang='lat' dir='ltr'><strong>etiarn</strong></span> <span class='ocrx_word' id='word_1_208' title='bbox 1063 2282 1159 2340; x_wconf 85' lang='lat' dir='ltr'><strong>consi-</strong></span> 
     </span>
     <span class='ocr_line' id='line_1_26' title="bbox 204 2362 1161 2444; baseline -0.006 -16"><span class='ocrx_word' id='word_1_209' title='bbox 204 2367 304 2436; x_wconf 88' lang='lat' dir='ltr'><strong>deres,</strong></span> <span class='ocrx_word' id='word_1_210' title='bbox 327 2384 385 2443; x_wconf 90' lang='lat' dir='ltr'><strong>quo</strong></span> <span class='ocrx_word' id='word_1_211' title='bbox 407 2366 608 2444; x_wconf 83' lang='lat' dir='ltr'><strong>progrediere.</strong></span> <span class='ocrx_word' id='word_1_212' title='bbox 643 2365 799 2443; x_wconf 88' lang='lat' dir='ltr'><strong>Verginius</strong></span> <span class='ocrx_word' id='word_1_213' title='bbox 818 2366 923 2427; x_wconf 87' lang='lat' dir='ltr'><strong>viderit</strong></span> <span class='ocrx_word' id='word_1_214' title='bbox 946 2365 982 2426; x_wconf 90' lang='lat' dir='ltr'><strong>de</strong></span> <span class='ocrx_word' id='word_1_215' title='bbox 1003 2363 1080 2434; x_wconf 88' lang='lat' dir='ltr'><strong>iilia,</strong></span> <span class='ocrx_word' id='word_1_216' title='bbox 1107 2362 1161 2423; x_wconf 91' lang='lat' dir='ltr'><strong>ubi</strong></span> 
     </span>
     <span class='ocr_line' id='line_1_27' title="bbox 154 2447 1160 2528; baseline -0.008 -15"><span class='ocrx_word' id='word_1_217' title='bbox 154 2462 184 2513; x_wconf 90' lang='lat' dir='ltr'><strong>tl</strong></span> <span class='ocrx_word' id='word_1_218' title='bbox 203 2451 329 2521; x_wconf 84' lang='lat' dir='ltr'><strong>venerit,</strong></span> <span class='ocrx_word' id='word_1_219' title='bbox 348 2449 419 2528; x_wconf 90' lang='lat' dir='ltr'><strong>quid</strong></span> <span class='ocrx_word' id='word_1_220' title='bbox 436 2459 515 2528; x_wconf 88' lang='lat' dir='ltr'><strong>agat:</strong></span> <span class='ocrx_word' id='word_1_221' title='bbox 531 2450 589 2510; x_wconf 90' lang='lat' dir='ltr'><strong>hoc</strong></span> <span class='ocrx_word' id='word_1_222' title='bbox 602 2458 716 2510; x_wconf 89' lang='lat' dir='ltr'><strong>tantum</strong></span> <span class='ocrx_word' id='word_1_223' title='bbox 730 2451 817 2520; x_wconf 88' lang='lat' dir='ltr'><strong>sciat,</strong></span> <span class='ocrx_word' id='word_1_224' title='bbox 835 2448 906 2518; x_wconf 91' lang='lat' dir='ltr'><strong>sibi,</strong></span> <span class='ocrx_word' id='word_1_225' title='bbox 923 2450 949 2509; x_wconf 88' lang='lat' dir='ltr'><strong>si</strong></span> <span class='ocrx_word' id='word_1_226' title='bbox 962 2448 1049 2508; x_wconf 89' lang='lat' dir='ltr'><strong>huius</strong></span> <span class='ocrx_word' id='word_1_227' title='bbox 1066 2447 1160 2506; x_wconf 69' lang='lat' dir='ltr'><strong>sindi-</strong></span> 
     </span>
     <span class='ocr_line' id='line_1_28' title="bbox 203 2531 1160 2610; baseline -0.006 -14"><span class='ocrx_word' id='word_1_228' title='bbox 203 2535 257 2596; x_wconf 83' lang='lat' dir='ltr'><strong>ciis</strong></span> <span class='ocrx_word' id='word_1_229' title='bbox 285 2534 422 2604; x_wconf 88' lang='lat' dir='ltr'><strong>cesserit,</strong></span> <span class='ocrx_word' id='word_1_230' title='bbox 451 2534 656 2594; x_wconf 89' lang='lat' dir='ltr'><strong>condicionem</strong></span> <span class='ocrx_word' id='word_1_231' title='bbox 683 2532 760 2594; x_wconf 83' lang='lat' dir='ltr'><strong>filiae</strong></span> <span class='ocrx_word' id='word_1_232' title='bbox 781 2531 980 2610; x_wconf 88' lang='lat' dir='ltr'><strong>quaerendam</strong></span> <span class='ocrx_word' id='word_1_233' title='bbox 1003 2550 1075 2592; x_wconf 87' lang='lat' dir='ltr'><strong>esse.</strong></span> <span class='ocrx_word' id='word_1_234' title='bbox 1112 2548 1160 2590; x_wconf 86' lang='lat' dir='ltr'><strong>me</strong></span> 
     </span>
     <span class='ocr_line' id='line_1_29' title="bbox 203 2615 1160 2700; baseline -0.005 -23"><span class='ocrx_word' id='word_1_235' title='bbox 203 2618 399 2680; x_wconf 90' lang='lat' dir='ltr'><strong>vindicantem</strong></span> <span class='ocrx_word' id='word_1_236' title='bbox 411 2635 548 2697; x_wconf 89' lang='lat' dir='ltr'><strong>sponsam</strong></span> <span class='ocrx_word' id='word_1_237' title='bbox 559 2619 591 2677; x_wconf 89' lang='lat' dir='ltr'><strong>in</strong></span> <span class='ocrx_word' id='word_1_238' title='bbox 603 2615 769 2678; x_wconf 86' lang='lat' dir='ltr'><strong>libertatem</strong></span> <span class='ocrx_word' id='word_1_239' title='bbox 781 2618 837 2676; x_wconf 81' lang='lat' dir='ltr'><strong>rita</strong></span> <span class='ocrx_word' id='word_1_240' title='bbox 849 2617 934 2700; x_wconf 81' lang='lat' dir='ltr'><strong>citius</strong></span> <span class='ocrx_word' id='word_1_241' title='bbox 946 2615 1061 2676; x_wconf 88' lang='lat' dir='ltr'><strong>deseret</strong></span> <span class='ocrx_word' id='word_1_242' title='bbox 1072 2631 1160 2691; x_wconf 88' lang='lat' dir='ltr'><strong>quarn</strong></span> 
     </span>
     <span class='ocr_line' id='line_1_30' title="bbox 203 2701 306 2762; baseline 0 0"><span class='ocrx_word' id='word_1_243' title='bbox 203 2701 306 2762; x_wconf 84' lang='lat' dir='ltr'><strong>bdes.“</strong></span> 
     </span>
     <span class='ocr_line' id='line_1_31' title="bbox 170 2783 1160 2859; baseline -0.002 -17"><span class='ocrx_word' id='word_1_244' title='bbox 170 2793 184 2842; x_wconf 92' lang='lat'>1</span> <span class='ocrx_word' id='word_1_245' title='bbox 266 2784 362 2846; x_wconf 78' lang='lat' dir='ltr'><strong>xtvr.</strong></span> <span class='ocrx_word' id='word_1_246' title='bbox 394 2785 543 2846; x_wconf 84' lang='lat' dir='ltr'><strong>Concitata</strong></span> <span class='ocrx_word' id='word_1_247' title='bbox 560 2783 715 2844; x_wconf 89' lang='lat' dir='ltr'><strong>multitudo</strong></span> <span class='ocrx_word' id='word_1_248' title='bbox 736 2794 800 2844; x_wconf 84' lang='lat' dir='ltr'><strong>eret</strong></span> <span class='ocrx_word' id='word_1_249' title='bbox 820 2791 1029 2859; x_wconf 83' lang='lat' dir='ltr'><strong>certamenque</strong></span> <span class='ocrx_word' id='word_1_250' title='bbox 1049 2784 1160 2842; x_wconf 88' lang='lat' dir='ltr'><strong>instare</strong></span> 
     </span>
     <span class='ocr_line' id='line_1_32' title="bbox 203 2864 1159 2930; baseline -0.005 -3"><span class='ocrx_word' id='word_1_251' title='bbox 203 2867 365 2930; x_wconf 85' lang='lat' dir='ltr'><strong>videbatur.</strong></span> <span class='ocrx_word' id='word_1_252' title='bbox 396 2867 516 2928; x_wconf 89' lang='lat' dir='ltr'><strong>lictores</strong></span> <span class='ocrx_word' id='word_1_253' title='bbox 528 2867 642 2927; x_wconf 89' lang='lat' dir='ltr'><strong>Icilium</strong></span> <span class='ocrx_word' id='word_1_254' title='bbox 658 2869 921 2928; x_wconf 87' lang='lat' dir='ltr'><strong>circumsteterant.</strong></span> <span class='ocrx_word' id='word_1_255' title='bbox 948 2885 1003 2928; x_wconf 88' lang='lat' dir='ltr'><strong>uec</strong></span> <span class='ocrx_word' id='word_1_256' title='bbox 1017 2864 1093 2926; x_wconf 86' lang='lat' dir='ltr'><strong>tdtra</strong></span> <span class='ocrx_word' id='word_1_257' title='bbox 1105 2864 1159 2923; x_wconf 92' lang='lat' dir='ltr'><strong>mi-</strong></span> 
     </span>
     <span class='ocr_line' id='line_1_33' title="bbox 169 2947 1159 3030; baseline -0.004 -20"><span class='ocrx_word' id='word_1_258' title='bbox 169 2961 186 3010; x_wconf 86' lang='lat'>2</span> <span class='ocrx_word' id='word_1_259' title='bbox 203 2971 257 3015; x_wconf 89' lang='lat' dir='ltr'><strong>nas</strong></span> <span class='ocrx_word' id='word_1_260' title='bbox 271 2959 370 3012; x_wconf 88' lang='lat' dir='ltr'><strong>tamen</strong></span> <span class='ocrx_word' id='word_1_261' title='bbox 384 2968 556 3030; x_wconf 90' lang='lat' dir='ltr'><strong>processum</strong></span> <span class='ocrx_word' id='word_1_262' title='bbox 573 2959 630 3020; x_wconf 86' lang='lat' dir='ltr'><strong>est,</strong></span> <span class='ocrx_word' id='word_1_263' title='bbox 648 2968 715 3010; x_wconf 89' lang='lat' dir='ltr'><strong>curn</strong></span> <span class='ocrx_word' id='word_1_264' title='bbox 725 2951 837 3029; x_wconf 77' lang='lat' dir='ltr'><strong>Appius</strong></span> <span class='ocrx_word' id='word_1_265' title='bbox 855 2967 915 3010; x_wconf 89' lang='lat' dir='ltr'><strong>non</strong></span> <span class='ocrx_word' id='word_1_266' title='bbox 927 2950 1093 3027; x_wconf 87' lang='lat' dir='ltr'><strong>Verginiam</strong></span> <span class='ocrx_word' id='word_1_267' title='bbox 1108 2947 1159 3007; x_wconf 92' lang='lat' dir='ltr'><strong>de·</strong></span> 
     </span>
     <span class='ocr_line' id='line_1_34' title="bbox 202 3032 1159 3112; baseline -0.007 -16"><span class='ocrx_word' id='word_1_268' title='bbox 202 3035 284 3097; x_wconf 88' lang='lat' dir='ltr'><strong>iendi</strong></span> <span class='ocrx_word' id='word_1_269' title='bbox 307 3034 342 3094; x_wconf 88' lang='lat' dir='ltr'><strong>ab</strong></span> <span class='ocrx_word' id='word_1_270' title='bbox 367 3034 463 3104; x_wconf 88' lang='lat' dir='ltr'><strong>lcilio,</strong></span> <span class='ocrx_word' id='word_1_271' title='bbox 493 3034 545 3095; x_wconf 90' lang='lat' dir='ltr'><strong>sed</strong></span> <span class='ocrx_word' id='word_1_272' title='bbox 567 3035 731 3112; x_wconf 91' lang='lat' dir='ltr'><strong>inquietum</strong></span> <span class='ocrx_word' id='word_1_273' title='bbox 760 3034 910 3094; x_wconf 90' lang='lat' dir='ltr'><strong>hominem</strong></span> <span class='ocrx_word' id='word_1_274' title='bbox 932 3041 961 3094; x_wconf 92' lang='lat' dir='ltr'><strong>et</strong></span> <span class='ocrx_word' id='word_1_275' title='bbox 978 3032 1159 3093; x_wconf 90' lang='lat' dir='ltr'><strong>tribunatum</strong></span> 
     </span>
     <span class='ocr_line' id='line_1_35' title="bbox 204 3116 1159 3198; baseline -0.009 -17"><span class='ocrx_word' id='word_1_276' title='bbox 204 3123 384 3181; x_wconf 88' lang='lat' dir='ltr'><strong>etiamnunc</strong></span> <span class='ocrx_word' id='word_1_277' title='bbox 400 3121 559 3198; x_wconf 84' lang='lat' dir='ltr'><strong>spirantem</strong></span> <span class='ocrx_word' id='word_1_278' title='bbox 581 3116 680 3177; x_wconf 90' lang='lat' dir='ltr'><strong>locum</strong></span> <span class='ocrx_word' id='word_1_279' title='bbox 702 3116 854 3178; x_wconf 89' lang='lat' dir='ltr'><strong>seditionis</strong></span> <span class='ocrx_word' id='word_1_280' title='bbox 871 3134 1016 3193; x_wconf 87' lang='lat' dir='ltr'><strong>quaerere</strong></span> <span class='ocrx_word' id='word_1_281' title='bbox 1037 3116 1159 3175; x_wconf 88' lang='lat' dir='ltr'><strong>diceret.</strong></span> 
     </span>
     <span class='ocr_line' id='line_1_36' title="bbox 168 3198 1158 3281; baseline -0.004 -23"><span class='ocrx_word' id='word_1_282' title='bbox 168 3206 186 3258; x_wconf 83' lang='lat' dir='ltr'><strong>a</strong></span> <span class='ocrx_word' id='word_1_283' title='bbox 203 3221 262 3263; x_wconf 88' lang='lat' dir='ltr'><strong>non</strong></span> <span class='ocrx_word' id='word_1_284' title='bbox 273 3201 477 3281; x_wconf 88' lang='lat' dir='ltr'><strong>praebiturum</strong></span> <span class='ocrx_word' id='word_1_285' title='bbox 488 3221 520 3264; x_wconf 88' lang='lat' dir='ltr'><strong>se</strong></span> <span class='ocrx_word' id='word_1_286' title='bbox 534 3201 577 3261; x_wconf 92' lang='lat' dir='ltr'><strong>illi</strong></span> <span class='ocrx_word' id='word_1_287' title='bbox 589 3219 624 3260; x_wconf 90' lang='lat' dir='ltr'><strong>eo</strong></span> <span class='ocrx_word' id='word_1_288' title='bbox 636 3201 684 3262; x_wconf 91' lang='lat' dir='ltr'><strong>die</strong></span> <span class='ocrx_word' id='word_1_289' title='bbox 696 3202 865 3268; x_wconf 67' lang='lat' dir='ltr'><strong>materiam</strong></span> <span class='ocrx_word' id='word_1_290' title='bbox 880 3202 932 3261; x_wconf 90' lang='lat' dir='ltr'><strong>sed</strong></span> <span class='ocrx_word' id='word_1_291' title='bbox 948 3200 1047 3260; x_wconf 90' lang='lat' dir='ltr'><strong>utiam</strong></span> <span class='ocrx_word' id='word_1_292' title='bbox 1059 3198 1158 3264; x_wconf 90' lang='lat' dir='ltr'><strong>sciret,</strong></span> 
     </span>
     <span class='ocr_line' id='line_1_37' title="bbox 202 3283 1159 3364; baseline -0.007 -19"><span class='ocrx_word' id='word_1_293' title='bbox 202 3303 262 3345; x_wconf 93' lang='lat' dir='ltr'><strong>non</strong></span> <span class='ocrx_word' id='word_1_294' title='bbox 277 3286 307 3344; x_wconf 93' lang='lat' dir='ltr'><strong>id</strong></span> <span class='ocrx_word' id='word_1_295' title='bbox 324 3285 503 3364; x_wconf 84' lang='lat' dir='ltr'><strong>petulantiae</strong></span> <span class='ocrx_word' id='word_1_296' title='bbox 518 3303 587 3345; x_wconf 89' lang='lat' dir='ltr'><strong>suae</strong></span> <span class='ocrx_word' id='word_1_297' title='bbox 602 3285 654 3344; x_wconf 90' lang='lat' dir='ltr'><strong>scd</strong></span> <span class='ocrx_word' id='word_1_298' title='bbox 666 3284 804 3362; x_wconf 87' lang='lat' dir='ltr'><strong>Verginio</strong></span> <span class='ocrx_word' id='word_1_299' title='bbox 820 3283 933 3344; x_wconf 90' lang='lat' dir='ltr'><strong>absenti</strong></span> <span class='ocrx_word' id='word_1_300' title='bbox 952 3293 980 3345; x_wconf 92' lang='lat' dir='ltr'><strong>et</strong></span> <span class='ocrx_word' id='word_1_301' title='bbox 993 3283 1087 3362; x_wconf 87' lang='lat' dir='ltr'><strong>patrio</strong></span> <span class='ocrx_word' id='word_1_302' title='bbox 1104 3297 1159 3339; x_wconf 89' lang='lat' dir='ltr'><strong>no-</strong></span> 
     </span>
     <span class='ocr_line' id='line_1_38' title="bbox 203 3367 1160 3439; baseline -0.006 -11"><span class='ocrx_word' id='word_1_303' title='bbox 203 3369 275 3428; x_wconf 90' lang='lat' dir='ltr'><strong>mini</strong></span> <span class='ocrx_word' id='word_1_304' title='bbox 294 3379 323 3429; x_wconf 90' lang='lat' dir='ltr'><strong>et</strong></span> <span class='ocrx_word' id='word_1_305' title='bbox 337 3367 466 3429; x_wconf 87' lang='lat' dir='ltr'><strong>libertati</strong></span> <span class='ocrx_word' id='word_1_306' title='bbox 479 3369 594 3437; x_wconf 87' lang='lat' dir='ltr'><strong>datum,</strong></span> <span class='ocrx_word' id='word_1_307' title='bbox 609 3370 655 3428; x_wconf 90' lang='lat' dir='ltr'><strong>ius</strong></span> <span class='ocrx_word' id='word_1_308' title='bbox 670 3387 705 3428; x_wconf 91' lang='lat' dir='ltr'><strong>eo</strong></span> <span class='ocrx_word' id='word_1_309' title='bbox 717 3368 764 3428; x_wconf 89' lang='lat' dir='ltr'><strong>die</strong></span> <span class='ocrx_word' id='word_1_310' title='bbox 780 3387 812 3429; x_wconf 87' lang='lat' dir='ltr'><strong>se</strong></span> <span class='ocrx_word' id='word_1_311' title='bbox 827 3385 887 3428; x_wconf 90' lang='lat' dir='ltr'><strong>non</strong></span> <span class='ocrx_word' id='word_1_312' title='bbox 899 3367 1046 3428; x_wconf 89' lang='lat' dir='ltr'><strong>dicturum</strong></span> <span class='ocrx_word' id='word_1_313' title='bbox 1061 3380 1160 3439; x_wconf 89' lang='lat' dir='ltr'><strong>neque</strong></span> 
     </span>
     <span class='ocr_line' id='line_1_39' title="bbox 202 3447 1161 3531; baseline -0.003 -20"><span class='ocrx_word' id='word_1_314' title='bbox 202 3451 354 3513; x_wconf 89' lang='lat' dir='ltr'><strong>decretum</strong></span> <span class='ocrx_word' id='word_1_315' title='bbox 372 3453 630 3531; x_wconf 66' lang='lat' dir='ltr'><strong>interpositorum</strong></span> <span class='ocrx_word' id='word_1_316' title='bbox 652 3470 669 3512; x_wconf 90' lang='lat' dir='ltr'><strong>a</strong></span> <span class='ocrx_word' id='word_1_317' title='bbox 684 3451 721 3512; x_wconf 88' lang='lat' dir='ltr'><strong>bl.</strong></span> <span class='ocrx_word' id='word_1_318' title='bbox 740 3451 860 3512; x_wconf 87' lang='lat' dir='ltr'><strong>Claudio</strong></span> <span class='ocrx_word' id='word_1_319' title='bbox 874 3451 1050 3530; x_wconf 74' lang='lat' dir='ltr'><strong>peltarum,</strong></span> <span class='ocrx_word' id='word_1_320' title='bbox 1062 3455 1094 3510; x_wconf 90' lang='lat' dir='ltr'><strong>ut</strong></span> <span class='ocrx_word' id='word_1_321' title='bbox 1108 3447 1161 3508; x_wconf 86' lang='lat' dir='ltr'><strong>de-</strong></span> 
     </span>
    </p>
   </div>
   <div class='ocr_carea' id='block_1_9' title="bbox 0 0 1294 3954">
    <p class='ocr_par' dir='ltr' id='par_1_9' title="bbox 0 0 1294 3954">
     <span class='ocr_line' id='line_1_40' title="bbox 0 0 1294 3954; baseline 0 2"><span class='ocrx_word' id='word_1_322' title='bbox 0 0 1294 3954; x_wconf 95' lang='lat' dir='ltr'><strong> </strong></span> 
     </span>
    </p>
   </div>
  </div>
 </body>
</html>
