2580 3954
317 160 413 201 umus
429 159 472 201 iv.
500 157 569 200 ose.
585 151 628 204 30.
657 137 698 216 [a.
717 138 751 199 O.
766 137 895 220 aar-427]
1018 145 1080 207 225

7 327 8 330 ¹
121 315 152 370 et
168 307 328 368 seditiones
348 323 442 368 versa.
473 305 604 384 undique
620 308 712 367 otium
732 305 789 366 luit
803 303 953 366 Romanis.
984 305 1118 385 tegens

120 390 158 452 de
178 389 339 450 namtarum
355 390 557 451 aestimatione
576 397 747 468 pergratam
764 386 875 467 populo
893 405 961 450 cum
977 389 1014 450 ab
1028 391 1082 451 tri·

120 473 209 534 bunis
223 474 323 553 parari
343 471 480 534 consedes
497 475 584 534 unius
606 493 642 534 ex
660 473 783 551 collegio
807 472 976 552 proditione
996 491 1081 535 exce·

120 559 250 636 pissent,
265 557 324 635 ipsi
340 562 635 634 praeoccupaverunt
650 557 740 618 ierre.

82 705 84 713 ,
184 638 326 702 Consules
339 638 372 700 L.
391 641 512 718 Sergius
526 641 653 702 Fidenas
666 642 776 702 iterum
791 639 912 700 Hostius
927 640 1083 702 lucretius
1101 648 1118 696 s

119 724 321 802 Tricipitinus.
362 722 436 784 nihil
463 725 586 802 dignum
610 725 692 785 dictu
717 731 816 785 actum
838 724 874 784 iis
899 722 1081 785 consulibus.

120 808 216 868 secuti
233 825 284 868 eos
300 807 437 869 consules
453 809 486 868 Α.
499 807 654 870 Cornelius
669 809 778 870 Cossus
792 807 825 868 Τ.
839 804 995 875 Quinctius
1005 807 1083 869 Pen-

120 909 176 952 nus
197 891 315 953 iterum.
354 891 492 953 Veientes
516 893 548 952 in
571 909 676 970 agrum
698 892 865 952 Romanum
890 893 1117 954 excursioneso

119 976 264 1037 iecerunt.
300 976 378 1036 lama
406 976 461 1036 luit
489 975 632 1054 quosdam
659 994 695 1038 ex
719 975 906 1037 Fidenatium
930 977 1083 1038 iuventute

118 1059 279 1137 participes
300 1061 364 1120 eius
386 1058 586 1138 populationis
606 1061 714 1128 luisse,
740 1061 928 1136 cognitioque
952 1060 1017 1121 eius
1038 1061 1084 1120 rei

118 1141 151 1202 L.
170 1143 274 1219 Sergio
297 1149 326 1202 et
341 1139 374 1210 Q.
394 1141 519 1203 Servilio
537 1151 567 1204 et
582 1141 668 1202 Mam.
686 1141 810 1203 Aemilio
832 1143 987 1220 permissa.
1019 1144 1120 1220 qui-6

119 1224 187 1284 dam
211 1225 323 1285 Ostiam
344 1223 484 1302 relegati,
510 1225 604 1302 quod,
627 1243 680 1285 our
703 1243 758 1303 per
778 1243 829 1286 eos
853 1225 916 1285 dies
933 1243 949 1285 a
965 1225 1084 1286 Fidenis

118 1308 278 1378 aluissent,
293 1325 401 1387 parum
417 1308 579 1370 constabat.
610 1307 784 1370 colonorum
800 1309 916 1370 additus
929 1326 1083 1379 numerus,

119 1409 250 1470 agerque
264 1392 311 1452 his
325 1390 405 1453 bello
420 1393 669 1472 interemptorum
685 1391 865 1470 adsignatus.
897 1392 1035 1454 Siocitate
1048 1412 1084 1454 eo
1104 1409 1119 1456 ι

118 1492 197 1536 anno
209 1474 373 1554 plurimum
389 1474 556 1537 laboratum
569 1483 629 1547 est,
646 1494 703 1538 nec
719 1475 862 1537 caelestes
876 1476 1083 1538 modo'deiue·

116 1565 189 1620 runt
208 1577 317 1638 aquae,
339 1561 391 1622 sed
405 1566 488 1621 terra
510 1578 628 1640 quoque
649 1560 780 1638 ingenito
802 1577 908 1621 umore
929 1577 1020 1638 egens
1036 1561 1084 1622 vix

7 1691 8 1726 q
117 1643 154 1704 ad
174 1644 456 1722 perennes‘sulleeit
471 1662 582 1706 amnes.
613 1644 746 1706 deiectus
762 1642 832 1704 alibi
843 1660 988 1720 aquarum
1005 1645 1083 1705 circa
1101 1651 1118 1703 6

116 1727 248 1788 torridos
262 1727 360 1788 tontes
374 1730 513 1806 rivosque
529 1735 657 1806 stragem
669 1729 718 1788 siti
732 1744 876 1805 pecorum
891 1727 1083 1788 morientium

116 1811 216 1878 dedit;
240 1809 340 1871 scabie
365 1809 421 1871 alia
444 1810 609 1889 absumpta.
640 1809 807 1889 volgatique
822 1815 961 1871 contactu
979 1811 1011 1870 in
1028 1808 1082 1870 ho·

7 1911 9 1968 j.
117 1895 214 1955 mines
235 1892 342 1953 morbi.
376 1899 406 1954 et
427 1895 525 1972 primo
547 1895 578 1954 in
601 1899 733 1972 agrestes
755 1895 931 1971 ingruerant
951 1895 1082 1955 servitia·
1105 1898 1123 1950 9

7 1979 9 2048 i
117 1995 175 2056 que
186 1995 193 2044 ;
206 1975 279 2037 urbs
293 1977 400 2039 deinde
413 1976 555 2056 inpletur.
572 1995 629 2039 neo
643 1995 769 2056 corpora
778 1977 867 2037 modo
879 1976 994 2037 adiecta
1001 1976 1082 2048 tabo,

7 2053 9 2098 t
116 2061 170 2122 sed
191 2061 306 2122 animos
321 2078 440 2140 quoque
457 2059 613 2140 multiplex
628 2060 734 2138 religio
756 2068 786 2122 et
799 2059 943 2140 pleraque
961 2067 1083 2123 externa

7 2165 8 2172 ¹
116 2145 240 2216 invasit,
256 2162 348 2206 novos
362 2146 438 2206 ritus
448 2145 635 2206 sacrificandi
646 2145 832 2205 vaticinando
843 2144 1040 2206 inferentibus
1051 2146 1083 2205 in

116 2229 237 2298 domos,
268 2226 378 2306 quibus
398 2231 533 2306 quaestui
552 2235 621 2290 sunt
643 2230 721 2308 capti
743 2228 954 2307 superstitione
975 2229 1082 2298 animi;
1104 2235 1135 2288 10

117 2312 214 2374 donee
228 2311 367 2391 publicus
381 2314 440 2374 iam
455 2313 553 2412 pudqr
576 2313 613 2373 ad
628 2316 777 2391 primores
798 2313 923 2372 crutaris
937 2315 1082 2390 pervenit,

118 2402 277 2458 cernentes
296 2397 328 2456 in
350 2395 489 2457 omnihus
512 2398 584 2457 vrcis
607 2394 783 2472 sacellisque
808 2397 968 2473 peregrina
993 2400 1083 2472 atque

116 2479 237 2540 insolita
251 2477 368 2556 piacula
382 2481 465 2558 pacis
483 2479 571 2540 deum
586 2479 800 2557 exposcendae.
832 2477 933 2538 datum
945 2478 1015 2540 inde
1030 2495 1082 2539 ne·
1092 2487 1124 2535 11

7 2555 8 2606 ἶ
117 2564 233 2640 gotixnn
248 2560 411 2632 aedilibus,
429 2568 462 2622 ut
474 2562 756 2631 animadverterent,
772 2578 815 2622 ne·
827 2563 878 2639 qui
889 2560 946 2622 nisi
957 2560 1083 2623 Romani

117 2647 174 2716 dii,
191 2662 252 2706 neu
267 2661 326 2723 quo
342 2643 400 2706 alio
413 2663 499 2706 more
516 2663 605 2724 quam
618 2647 715 2723 patrio
731 2643 911 2706 colerentur.

182 2729 406 2791 lrae'adversus
417 2730 555 2791 Veientes
568 2732 599 2790 in
615 2731 822 2808 insequentem
835 2745 960 2799 annum,
977 2729 1081 2790 Gaium
1091 2735 1123 2786 12

118 2811 276 2876 Servilium
292 2813 414 2875 Ahalam
429 2814 461 2875 L.
479 2814 631 2892 Papirium
643 2812 825 2890 Mugilanum
841 2811 993 2882 consules,
1010 2812 1082 2873 dila·

7 2953 9 2966 ,
118 2905 166 2958 tao
184 2904 262 2958 sunt.
299 2904 370 2959 tunc
383 2916 519 2977 quoque,
539 2916 578 2960 ne
593 2897 749 2959 confestim
763 2895 875 2958 bellum
889 2896 1081 2967 indiceretur,
1096 2903 1129 2952 13
1216 2879 1226 2902 ⁶

7 2977 9 3014 l
119 2998 193 3042 neve
211 2983 359 3042 exercitus
379 2984 585 3053 mitterentur,
607 2981 711 3060 religio
726 2980 853 3043 obstitit:
876 2979 984 3041 letialis
998 2982 1082 3058 prius

119 3064 279 3127 mittendos
303 3065 340 3126 ad
362 3083 412 3126 res
431 3066 610 3145 repetendas
632 3082 785 3128 censuere.
824 3081 892 3124 eum
910 3062 1125 3126 Veientihu14

117 3167 217 3228 nuper
239 3149 303 3210 acie
323 3149 495 3211 dimicatum
516 3150 553 3210 ad
574 3149 754 3211 Nomentum
779 3154 809 3209 et
828 3147 954 3210 Fidenas
974 3147 1081 3215 fuerat,

119 3233 311 3311 indutiaeque
331 3232 402 3294 inde
422 3251 482 3293 non
497 3252 555 3312 pax
576 3234 668 3304 facta,
691 3250 817 3312 quarum
833 3238 863 3293 et
878 3231 945 3292 'dies
960 3233 1081 3300 exierat,

119 3322 152 3376 et
165 3315 233 3378 an'te
248 3317 327 3379 diem
342 3315 576 3379 rebellaverant:
595 3319 679 3379 missi
693 3325 794 3378 tamen
808 3312 922 3376 fetiales
930 3333 938 3383 ;
957 3333 1016 3376 neo
1031 3332 1081 3376 eo-

120 3415 189 3460 rum
214 3417 280 3461 cum
295 3419 379 3462 more
394 3406 513 3480 patrum
533 3401 622 3462 iurati
637 3406 809 3480 repeterent
822 3417 888 3470 res,
907 3397 998 3460 verba
1012 3403 1081 3460 sunt

155 3513 180 3550 r.
194 3514 255 3551 nrvr
267 3515 336 3551 rrns
350 3517 369 3550 1.
874 3489 913 3548 15
