2580 3954
223 215 282 278 176
326 226 421 268 nuens
439 225 486 268 111.
511 224 581 268 our.
595 217 639 270 53.
652 215 694 269 54·
719 206 974 284 [ῑῑ·ῑ1·θ’304·505
1001 207 1077 286 ³⁰⁶„

222 379 287 440 luit:
312 375 379 437 dedi
400 377 507 458 quippe
530 393 580 436 eos
601 389 728 450 aequum
754 372 928 444 censebant,
955 389 1093 453 uvasque
1116 377 1178 452 igni

188 477 206 528 o
224 467 462 523 concrematuros
482 457 679 519 minabantur.
711 455 799 534 legati
817 457 854 517 ad
874 475 923 518 ea:
947 475 1042 534 „quae
1059 458 1178 520 consilii

225 547 351 616 luerunt,
368 543 441 604 adeo
457 559 550 620 aequa
568 538 753 620 postulastis,
770 547 803 600 ut
817 538 895 600 ultro
910 539 993 602 robis
1016 541 1178 604 deferenda

225 631 348 691 luerint:
371 626 500 688 libertati
517 627 595 687 enim
609 641 642 685 ca
662 623 809 702 praesidia
828 625 944 702 petitis,
961 640 1022 685 non
1041 624 1179 687 licentiae
1272 634 1273 656 ¹

189 731 205 779 *1
224 713 259 775 ad
279 709 485 790 inpugnandos
505 708 587 770 alios.
618 709 682 769 irae
705 713 819 769 vestrae
847 708 940 785 magis
965 709 1178 786 ignoscendum
1272 753 1273 782 q

224 814 310 874 quam
332 793 543 871 indulgendum
564 799 622 862 est,
648 792 758 869 quippe
782 793 831 867 qui
855 790 1036 854 crudelitatis
1058 793 1125 854 odio
1148 796 1177 857 in

224 878 426 942 crudelitatem
440 878 539 946 ruitis,
557 883 586 937 et
598 876 682 953 prius
697 890 807 952 paene,
825 892 913 952 quam
927 876 985 953 ipsi
1001 874 1089 939 liberi
1105 878 1178 946 sitis,
1272 935 1273 940 ,

189 972 206 1024 8
224 963 368 1025 dominari
384 963 442 1021 iam
459 962 490 1020 in
508 960 691 1021 adversarios
709 957 803 1020 vultis.
835 975 1034 1035 numquamne
1054 961 1177 1037 quiescit

224 1049 323 1108 civitas
339 1051 439 1106 nostra
454 1063 470 1104 a
485 1041 638 1124 suppliciis
650 1049 700 1103 aut
710 1048 827 1120 patrum
838 1045 870 1104 in
882 1041 1001 1121 plebem
1015 1042 1177 1105 Romanam

190 1141 207 1192 9
224 1137 273 1193 aut
287 1128 383 1208 plebis
397 1130 428 1190 in
443 1127 560 1208 patres?
576 1134 659 1188 scuto
674 1124 757 1187 vobis
777 1128 869 1204 magis
884 1143 971 1203 qnam
990 1125 1086 1204 gladio
1105 1145 1180 1205 opus

225 1223 277 1278 est.
304 1215 373 1274 satis
388 1229 536 1291 superque
553 1209 673 1272 humilis
688 1217 739 1280 est,
757 1213 807 1288 qui
823 1213 889 1272 iure
907 1227 1001 1288 aequo
1018 1213 1049 1272 in
1065 1212 1179 1271 civitate

178 1310 208 1364 tt)
227 1299 293 1359 visit
303 1315 359 1359 nec
370 1296 525 1358 inferendo
540 1296 678 1356 iniuriam
689 1312 745 1356 nec
757 1293 904 1373 patiendo.
922 1295 1010 1355 etiam
1025 1293 1179 1372 siquando

226 1381 398 1443 metuendos
413 1399 464 1441 vos
481 1379 645 1458 praebituri
663 1380 741 1448 estis,
759 1395 827 1439 cum
842 1379 1016 1455 reciperatis
1027 1379 1179 1456 magistra·
1274 1393 1275 1414 ³

227 1465 304 1526 tibus
317 1463 490 1541 legibusque
506 1465 610 1525 vestus
632 1461 740 1522 iudicia
756 1479 848 1540 penes
863 1479 914 1522 ros
932 1471 1020 1524 erunt
1032 1463 1068 1524 de
1083 1463 1180 1540 capita

228 1555 327 1610 nostro
348 1548 546 1624 fortunisque,
568 1553 638 1606 tunc
654 1552 687 1606 ut
707 1562 840 1623 quaeque
855 1562 942 1607 causa
959 1549 1015 1607 erit
1033 1545 1179 1608 statuetis:

227 1649 305 1692 nunc
320 1629 485 1692 libertatem
499 1631 595 1708 repeti
612 1631 681 1690 satis
697 1638 742 1691 est
753 1636 773 1662 “

196 1725 208 1775 1
290 1713 358 1774 LIV.
389 1714 534 1775 Fecerant
552 1720 585 1774 ut
600 1711 708 1774 vellent
727 1714 965 1791 permittentibus
982 1716 1095 1776 cunctis
1112 1733 1178 1775 mox
1275 1703 1276 1718 ¹

190 1810 209 1859 ‘t
226 1799 374 1860 redituros
390 1817 422 1860 se
438 1796 528 1876 legati
538 1797 629 1860 rebus
640 1797 780 1876 perlectis
792 1798 954 1860 adfirmant.
976 1799 1102 1878 proiecti
1113 1816 1194 1876 cum

226 1882 360 1942 mandata
391 1880 488 1962 plebis
517 1879 651 1960 patribus
680 1883 899 1959 exposuissent,
928 1882 978 1944 alii
1012 1883 1179 1952 decemviri,

227 1965 344 2044 quando
367 1965 485 2043 quidem
506 1972 624 2043 praeter
642 1982 724 2042 spem
739 1965 873 2043 ipsorum
888 1966 1024 2046 supplicii
1039 1967 1084 2028 sui
1100 1965 1180 2026 nulla
1276 2027 1277 2032 ,

189 2051 336 2110 dmentio
353 2049 451 2118 lieret,
472 2049 551 2110 haud
572 2050 728 2126 quicquam
751 2047 897 2119 abnuere:
919 2051 1031 2129 Appius
1045 2051 1122 2110 truci
1135 2051 1180 2110 in·

226 2135 313 2212 genio
337 2138 367 2195 et
386 2133 493 2194 invidia
516 2133 677 2211 praecipua
698 2131 798 2192 odium
818 2135 849 2194 in
871 2153 903 2195 se
926 2134 1052 2195 aliorum
1075 2151 1129 2194 suo
1150 2135 1180 2192 in

228 2236 278 2278 eos
293 2218 418 2278 metiens
435 2217 502 2276 odio
517 2214 615 2287 „haud
629 2215 753 2292 ignaro“
773 2217 870 2294 inquit
884 2219 1040 2288 „imminet
1052 2217 1179 2278 fortuna.

193 2302 208 2350 ⁴1
227 2299 320 2368 video,
339 2299 434 2361 donec
450 2317 531 2361 arma
549 2299 724 2360 adversariis
736 2300 897 2372 tradantur,
913 2301 1026 2363 ditlerri
1041 2301 1181 2362 adversus

226 2401 280 2444 nos
297 2389 456 2444 certamen.
485 2382 598 2445 dandus
613 2382 740 2444 invidiae
754 2390 799 2446 est
818 2387 946 2462 sanguis.
979 2383 1053 2444 nihil
1072 2401 1109 2445 ne
1126 2401 1181 2461 ego

191 2472 210 2523 n
227 2465 345 2544 quidem
362 2484 479 2539 moror,
501 2485 559 2545 quo
583 2468 681 2528 minus
698 2467 895 2529 decemviratu
910 2468 1044 2530 abeam.“
1073 2468 1180 2527 lactmn

227 2550 532 2622 senatusconsultum,
547 2559 580 2612 ut
590 2551 750 2612 decemu'ri
764 2569 796 2612 sc
808 2554 906 2630 primo
918 2569 1035 2630 quoque
1046 2558 1181 2630 tempore

227 2637 397 2713 magistratu
412 2633 591 2705 abdicarent,
608 2631 641 2702 Q.
659 2633 767 2696 Furius
781 2637 914 2714 pontifex
928 2637 1073 2696 maximus
1088 2633 1181 2694 tribu·

226 2736 281 2780 nos
296 2718 391 2796 plebis
407 2726 535 2790 crearet,
553 2727 582 2779 et
595 2736 634 2778 ne
648 2720 696 2778 cui
710 2718 806 2780 fraudi
823 2727 900 2782 essct
913 2721 1040 2782 secessio
1056 2717 1181 2780 militum

190 2801 390 2880 optatisque.
423 2800 469 2862 his
488 2809 607 2863 senatus
628 2801 769 2862 consultis
789 2803 929 2880 perlectis
944 2804 1063 2866 dimisso
1079 2810 1182 2864 senatu

227 2887 385 2946 decemviri
394 2885 542 2964 prodeunt
554 2888 585 2946 in
594 2888 761 2947 contionem
769 2885 1181 2966 abdicantquesemagistratu

193 2973 208 3021 7
227 2971 338 3045 ingenti
352 2967 506 3029 hominum
521 2968 638 3031 laetitia.
669 2971 840 3032 nuntiantur
859 2971 933 3033 hacc
948 2970 1039 3050 plebi.
1071 2968 1182 3047 legatos

227 3051 369 3130 quidquid
391 3053 422 3112 in
441 3052 517 3114 urbe
538 3053 692 3114 hominum
713 3063 869 3133 supererat
882 3057 1083 3134 prosequitur.
1112 3053 1182 3114 huic

227 3136 405 3197 multitudini
427 3136 502 3198 laeta
527 3137 583 3198 alia
604 3136 691 3198 turba
709 3156 745 3198 cx
767 3141 872 3200 castris
888 3140 1027 3200 occurrit
1058 3155 1182 3215 congra-

192 3217 209 3268 8
227 3220 355 3281 tulantur
370 3220 536 3284 libertatem
551 3219 800 3299 concordiamque
815 3223 923 3286 civitati
941 3224 1115 3284 restitutam.
1140 3218 1182 3282 le·

227 3306 285 3380 gati
300 3321 355 3381 pro
371 3306 523 3366 contione:
548 3304 648 3382 „quod
662 3304 774 3366 honum
789 3307 915 3368 faustum
931 3305 1060 3384 felixque
1080 3307 1119 3366 sit
1132 3321 1181 3364 vo·

226 3383 272 3445 bis
287 3387 392 3463 reique
406 3387 556 3465 publicae,
578 3386 673 3450 redite
687 3389 718 3447 in
733 3391 859 3468 patriam
875 3391 912 3451 ad
929 3396 1062 3468 penates,
1079 3389 1181 3449 coniu-

226 3485 279 3546 ges
291 3467 460 3551 liberosque
475 3479 595 3534 vestros.
625 3471 687 3542 sed,
707 3489 764 3549 qua
779 3472 830 3534 lric
844 3473 987 3536 modestia
1004 3474 1115 3542 fuistis,
1130 3469 1182 3532 nbi
