2572 3956
226 227 266 288 84
397 237 493 278 nmen
507 235 542 276 11.
578 235 648 276 cnr.
665 225 709 276 22.
725 225 768 278 2³.
797 214 837 291 [at
852 233 926 274 u..c‚
942 213 1005 288 259]

227 403 315 464 quam
330 386 401 446 elias
415 393 482 445 ante
498 382 617 462 publice
634 383 829 460 privatimque
843 379 979 440 Latinum
997 395 1107 440 nomen
1121 378 1183 440 lio-

227 488 313 530 mano
328 468 454 546 imperio
471 468 657 528 coniunctius
670 467 733 524 init.

194 564 209 614 1
288 551 389 614 xxiii.
419 551 478 613 Sed
501 558 531 612 et
550 549 662 611 bellurn
679 547 816 609 Volscum
831 546 1020 617 imminebat,
1040 554 1068 607 et
1082 547 1182 608 civitas

227 655 328 700 secum
351 637 415 714 ipsa
434 635 549 696 discors
568 635 706 696 intestino
728 634 807 693 inter
823 639 922 710 patres
936 629 1115 709 plebemque
1129 630 1183 691 ila·

121 665 331 800 Naana
345 720 427 787 odio,
451 719 576 780 maxime
590 725 713 796 propter
727 733 819 777 nexos
834 713 871 774 ob
887 733 938 776 aas
953 713 1090 776 alienum.
1116 714 1183 775 ire·

227 804 347 866 mebant
361 823 394 866 se
413 802 487 864 ioris
500 820 555 881 pro
575 800 712 862 libertate
727 807 757 861 et
776 799 902 878 imperio
914 798 1088 859 dimicantes
1102 798 1182 858 domi

228 909 244 950 a
265 887 377 949 ciuibus
401 895 501 965 captos
523 895 551 947 ct
565 903 724 964 oppressos
739 901 818 953 esse,
839 885 1037 959 tutioremque
1051 883 1084 942 in
1102 879 1182 942 bello

229 990 316 1048 quani
330 973 361 1032 in
372 989 460 1049 pace,
478 978 507 1032 ct
520 971 597 1031 inter
614 969 706 1030 bostis
721 984 809 1045 quam
832 969 910 1028 inter
925 968 1002 1026 cives
1017 965 1184 1026 libertatem

227 1054 323 1134 plebis
338 1073 418 1122 esse;
438 1053 635 1130 invidiamque
653 1071 718 1114 eam
735 1069 787 1112 sua
804 1058 908 1128 sponte
923 1049 1096 1127 gliscentem
1112 1050 1184 1110 insi·

196 1150 213 1202 u
230 1140 295 1217 gnis
315 1141 402 1200 unius
419 1136 566 1200 calamitas
587 1137 728 1199 accendit.
759 1151 866 1212 magno
888 1143 959 1194 natu
983 1133 1102 1216 quidam
1116 1149 1185 1192 cum
1270 1159 1271 1182 r

230 1223 361 1283 omnium
374 1221 520 1284 malorum
536 1239 658 1284 suorum
676 1218 843 1296 insignibus
854 1237 886 1280 se
897 1219 929 1278 in
940 1217 1185 1295 lorumproiecit.

194 1321 211 1369 e
229 1305 322 1368 obsita
343 1313 406 1368 erat
425 1305 563 1384 squalore
577 1306 680 1374 vestis,
704 1302 820 1364 foedior
835 1303 972 1380 corporis
986 1299 1104 1361 babitus
1120 1298 1185 1378 pal·

227 1390 292 1453 lore
307 1409 341 1450 ac
356 1391 451 1451 macic
468 1391 624 1468 perempti.
647 1386 757 1450 adhoc
771 1386 919 1465 promissa
935 1383 1029 1445 barba
1044 1392 1074 1446 et
1084 1381 1186 1463 capilli

229 1474 422 1536 efferaverant
435 1474 565 1552 speciem
581 1474 651 1532 oris.
673 1468 875 1532 noscitabatur
890 1477 990 1530 tamen
1000 1470 1032 1529 in
1042 1474 1122 1528 unta
1134 1467 1185 1528 de·

228 1556 389 1626 formitate,
405 1564 435 1616 ct
451 1555 570 1616 ordines
584 1555 702 1616 duxisse
719 1552 845 1622 aiebant,
862 1552 978 1630 aliaque
996 1549 1118 1613 militiae
1132 1551 1184 1612 de·

229 1657 299 1700 cora
317 1638 404 1718 mlgo
424 1640 597 1701 miserantes
619 1655 686 1700 eum
705 1635 867 1705 iactabant;
890 1639 956 1715 ipse
976 1644 1068 1698 testes
1091 1635 1185 1696 hone·

228 1731 340 1786 starum
354 1722 465 1801 aliquot
483 1721 556 1784 locis
577 1739 743 1801 pugnarum
759 1723 912 1781 cicatrices
925 1719 1048 1781 adverso
1063 1727 1186 1799 pectore

195 1811 213 1863 t
230 1805 400 1868 ostentabat.
432 1805 661 1875 sciscitantibus,
683 1804 762 1865 unde
781 1803 832 1866 ille
851 1803 971 1864 habitus
993 1803 1072 1865 unde
1086 1802 1186 1864 delor-

229 1892 330 1960 mitas,
352 1909 420 1952 cum
440 1889 617 1950 circumfusa
637 1887 724 1949 turba
744 1896 788 1950 cst
802 1905 898 1966 prope
912 1889 944 1947 ln
961 1888 1108 1948 contionis
1121 1903 1185 1946 mo·
1229 1928 1234 1933 -

230 1974 314 2044 dum,
332 1973 443 2036 Sabino
462 1972 542 2035 bello
560 1975 600 2034 ait
614 1992 646 2034 se
659 1971 849 2042 militantem,
864 1973 934 2048 quia
950 1977 1074 2049 propter
1090 1984 1186 2049 popu·

228 2056 353 2118 lationes
373 2059 438 2135 agri
462 2075 522 2119 non
543 2057 641 2117 iruotu
658 2055 747 2116 modo
759 2056 897 2125 caruerit,
913 2055 965 2116 scd
980 2054 1047 2115 tilla
1064 2056 1186 2115 incensa

230 2140 327 2210 inerit,
341 2141 455 2219 direpta
472 2143 579 2210 omnia,
596 2157 706 2218 pecora
721 2137 832 2209 abacta,
850 2138 995 2200 tributum
1009 2140 1112 2216 iniquo
1131 2154 1185 2198 suo
1270 2155 1271 2204 l

195 2231 362 2301 otemporc
383 2225 574 2302 imperatum,
595 2240 646 2284 ees
663 2221 793 2284 alienum
813 2224 929 2285 fecisse.
959 2223 989 2283 id
1007 2220 1186 2283 cumidatum
1270 2227 1271 2258 l

229 2307 327 2367 usuris
347 2307 452 2384 primo.
465 2324 498 2368 se
519 2323 591 2382 agro
612 2315 736 2384 paterno
757 2308 893 2384 avitoque
920 2307 1050 2376 exuisse,
1079 2303 1187 2367 deinde
1270 2345 1271 2348 ,

228 2389 356 2449 iortrtnis
374 2387 455 2459 aliis,
477 2399 628 2467 postremo
653 2387 733 2450 velut
750 2388 851 2451 tabem
874 2391 1046 2468 pervenisse
1061 2389 1098 2450 ad
1117 2405 1186 2448 cor·

228 2489 301 2550 pus:
322 2471 442 2534 ductum
462 2491 494 2534 se
515 2472 551 2533 ab
568 2473 716 2534 creditore
728 2490 790 2534 non
804 2475 836 2534 in
854 2474 1006 2536 servitium
1020 2472 1073 2534 scd
1087 2474 1119 2532 in
1137 2488 1184 2532 er·
1270 2471 1271 2518 l

196 2575 212 2626 ⁷
229 2553 375 2633 gustulum
389 2563 418 2618 et
432 2556 633 2618 carnificinam
649 2575 722 2618 esse.
744 2557 814 2619 inde
828 2564 979 2619 ostentare
995 2565 1111 2635 tergum
1120 2554 1185 2616 ioc-
1270 2559 1271 2584 ¹

229 2639 299 2700 dum
313 2638 484 2700 recentibus
500 2641 630 2718 vestigiis
644 2639 812 2702 verberum.
844 2641 882 2701 ad
902 2641 976 2702 hacc
993 2643 1054 2701 risa
1072 2639 1185 2700 audita·
1270 2637 1271 2642 ’

229 2738 288 2799 que
302 2720 415 2782 clamor
429 2724 534 2800 ingens
548 2726 651 2786 oritur.
673 2741 734 2784 non
752 2726 811 2784 iam
826 2723 893 2784 ioro
904 2743 936 2786 se
947 2723 1087 2784 tumultus
1098 2724 1185 2783 susti·

229 2814 296 2874 net,
317 2805 370 2866 sed
391 2807 501 2883 passim
514 2813 605 2868 totam
623 2805 728 2868 urbem
743 2807 885 2885 pervadit.
917 2808 986 2868 nexi
1000 2808 1090 2864 vincti
1104 2803 1185 2865 solu·

194 2905 213 2956 s
228 2889 310 2964 tique
329 2907 361 2949 se
380 2890 509 2966 undique
522 2891 555 2950 in
569 2889 720 2968 publicum
737 2892 923 2968 proripiunt,
945 2888 1097 2968 inplorant
1113 2885 1184 2956 Qui·
1270 2951 1271 2966 ,

229 2971 330 3038 riiium
349 2971 447 3034 iidem.
479 2973 560 3034 nullo
580 2973 647 3034 loco
666 2974 748 3036 deest
766 2974 920 3035 seditionis
936 2973 1119 3034 voluntarius
1134 2990 1185 3032 co·

229 3073 300 3116 mes.
334 3054 433 3117 multis
452 3059 561 3134 passim
581 3056 747 3134 agminibus
767 3076 822 3135 pcr
842 3075 945 3118 omnes
965 3059 1027 3118 vias
1042 3075 1110 3117 cum
1125 3053 1185 3116 cla·

194 3154 312 3205 timore
333 3141 365 3199 in
381 3140 479 3200 iorum
503 3143 641 3201 curritur.
677 3159 784 3218 magno
807 3159 875 3201 cnm
897 3140 1032 3220 periculo
1055 3159 1109 3200 suo
1133 3139 1184 3216 qui

180 3236 213 3289 io
228 3223 305 3283 sorte
321 3232 439 3302 patrum
453 3225 485 3283 ln
498 3223 565 3284 ioro
582 3232 666 3285 erant
680 3227 711 3284 in
725 3242 790 3286 cem
801 3223 919 3284 turbam
928 3223 1106 3284 inciderunt.
1128 3240 1185 3284 nec

228 3314 424 3382 temperatum
437 3306 574 3368 manibus
587 3309 677 3378 soret,
697 3310 728 3368 ni
742 3321 872 3386 propere
886 3306 1024 3368 consules
1039 3307 1071 3367 P.
1087 3306 1186 3367 Servi·
1270 3355 1271 3360 ,

228 3388 287 3449 lius
305 3398 335 3450 et
354 3389 407 3466 Ap.
424 3389 561 3451 Claudius
580 3391 618 3451 ad
639 3391 881 3468 conprimendam
897 3392 1072 3451 seditionem
1092 3391 1185 3450 inter-
1270 3401 1271 3480 ,

229 3472 385 3534 venissent.
428 3481 457 3532 at
471 3475 506 3556 'in
533 3493 583 3534 eos
607 3473 761 3535 multitudo
783 3491 866 3534 versa
892 3482 1040 3536 ostentare
1067 3471 1186 3535 vincula
