<?xml version="1.0" encoding="UTF-8"?>
<!DOCTYPE html PUBLIC "-//W3C//DTD XHTML 1.0 Transitional//EN"
    "http://www.w3.org/TR/xhtml1/DTD/xhtml1-transitional.dtd">
<html xmlns="http://www.w3.org/1999/xhtml" xml:lang="en" lang="en">
 <head>
  <title>
</title>
<meta http-equiv="Content-Type" content="text/html;charset=utf-8" />
  <meta name='ocr-system' content='tesseract 3.04.00' />
  <meta name='ocr-capabilities' content='ocr_page ocr_carea ocr_par ocr_line ocrx_word'/>
</head>
<body>
  <div class='ocr_page' id='page_1' title='image "./aburbeconditali01rossgoog_0353.png"; bbox 0 0 2580 3954; ppageno 0'>
   <div class='ocr_carea' id='block_1_1' title="bbox 304 185 1117 270">
    <p class='ocr_par' dir='ltr' id='par_1_1' title="bbox 304 185 1117 270">
     <span class='ocr_line' id='line_1_1' title="bbox 304 185 1117 270; baseline 0.005 -20"><span class='ocrx_word' id='word_1_1' title='bbox 304 208 400 250; x_wconf 76' lang='lat' dir='ltr'>nmen</span> <span class='ocrx_word' id='word_1_2' title='bbox 417 208 462 251; x_wconf 80' lang='grc' dir='ltr'>ιι.</span> <span class='ocrx_word' id='word_1_3' title='bbox 493 206 561 250; x_wconf 76' lang='lat' dir='ltr'>oar.</span> <span class='ocrx_word' id='word_1_4' title='bbox 579 197 621 252; x_wconf 86' lang='lat'>16.</span> <span class='ocrx_word' id='word_1_5' title='bbox 639 198 681 253; x_wconf 81' lang='lat'>17.</span> <span class='ocrx_word' id='word_1_6' title='bbox 712 185 750 269; x_wconf 77' lang='lat' dir='ltr'>[a.</span> <span class='ocrx_word' id='word_1_7' title='bbox 770 185 970 270; x_wconf 78' lang='lat' dir='ltr'>Oh.4ac·437]</span> <span class='ocrx_word' id='word_1_8' title='bbox 1054 191 1117 254; x_wconf 77' lang='lat'>213</span> 
     </span>
    </p>
   </div>
   <div class='ocr_carea' id='block_1_2' title="bbox 96 354 1177 3538">
    <p class='ocr_par' dir='ltr' id='par_1_2' title="bbox 165 354 1153 754">
     <span class='ocr_line' id='line_1_2' title="bbox 165 354 1118 440; baseline -0.005 -19"><span class='ocrx_word' id='word_1_9' title='bbox 165 377 254 440; x_wconf 88' lang='lat' dir='ltr'>quam</span> <span class='ocrx_word' id='word_1_10' title='bbox 275 364 336 420; x_wconf 90' lang='lat' dir='ltr'>tres</span> <span class='ocrx_word' id='word_1_11' title='bbox 353 356 490 417; x_wconf 90' lang='lat' dir='ltr'>tribunos</span> <span class='ocrx_word' id='word_1_12' title='bbox 513 354 662 417; x_wconf 89' lang='lat' dir='ltr'>consulari</span> <span class='ocrx_word' id='word_1_13' title='bbox 686 360 831 435; x_wconf 77' lang='lat' dir='ltr'><strong>potestate</strong></span> <span class='ocrx_word' id='word_1_14' title='bbox 850 355 972 425; x_wconf 87' lang='lat' dir='ltr'>creavit,</span> <span class='ocrx_word' id='word_1_15' title='bbox 995 361 1025 417; x_wconf 89' lang='lat' dir='ltr'>et</span> <span class='ocrx_word' id='word_1_16' title='bbox 1043 355 1074 414; x_wconf 92' lang='lat' dir='ltr'>in</span> <span class='ocrx_word' id='word_1_17' title='bbox 1093 357 1118 416; x_wconf 92' lang='lat' dir='ltr'>is</span> 
     </span>
     <span class='ocr_line' id='line_1_3' title="bbox 165 439 1118 512; baseline -0.009 -6"><span class='ocrx_word' id='word_1_18' title='bbox 165 444 197 506; x_wconf 92' lang='lat' dir='ltr'>L.</span> <span class='ocrx_word' id='word_1_19' title='bbox 214 440 383 512; x_wconf 81' lang='lat' dir='ltr'>Quinctium</span> <span class='ocrx_word' id='word_1_20' title='bbox 396 441 560 501; x_wconf 82' lang='lat' dir='ltr'>Cincinnati</span> <span class='ocrx_word' id='word_1_21' title='bbox 580 439 688 510; x_wconf 88' lang='lat' dir='ltr'>lilium,</span> <span class='ocrx_word' id='word_1_22' title='bbox 711 458 747 500; x_wconf 85' lang='lat' dir='ltr'>ex</span> <span class='ocrx_word' id='word_1_23' title='bbox 763 441 847 500; x_wconf 89' lang='lat' dir='ltr'>euius</span> <span class='ocrx_word' id='word_1_24' title='bbox 863 439 1025 499; x_wconf 78' lang='lat' dir='ltr'>dictaturae</span> <span class='ocrx_word' id='word_1_25' title='bbox 1044 439 1118 498; x_wconf 87' lang='lat' dir='ltr'>invi·</span> 
     </span>
     <span class='ocr_line' id='line_1_4' title="bbox 166 519 1153 604; baseline -0.01 -16"><span class='ocrx_word' id='word_1_26' title='bbox 166 527 213 588; x_wconf 90' lang='lat' dir='ltr'>dia</span> <span class='ocrx_word' id='word_1_27' title='bbox 231 523 375 586; x_wconf 89' lang='lat' dir='ltr'>tumultus</span> <span class='ocrx_word' id='word_1_28' title='bbox 397 522 605 601; x_wconf 79' lang='lat' dir='ltr'>quaerebatur.</span> <span class='ocrx_word' id='word_1_29' title='bbox 639 522 789 604; x_wconf 90' lang='lat' dir='ltr'>praelatus</span> <span class='ocrx_word' id='word_1_30' title='bbox 812 521 960 600; x_wconf 81' lang='lat' dir='ltr'>suffragiis</span> <span class='ocrx_word' id='word_1_31' title='bbox 982 519 1153 590; x_wconf 74' lang='lat' dir='ltr'>Quinctios</span> 
     </span>
     <span class='ocr_line' id='line_1_5' title="bbox 166 605 1118 685; baseline -0.004 -13"><span class='ocrx_word' id='word_1_32' title='bbox 166 611 331 672; x_wconf 78' lang='lat' dir='ltr'>Mamercus</span> <span class='ocrx_word' id='word_1_33' title='bbox 346 606 486 669; x_wconf 76' lang='lat' dir='ltr'>Aemilius</span> <span class='ocrx_word' id='word_1_34' title='bbox 500 608 544 666; x_wconf 86' lang='lat' dir='ltr'>vir</span> <span class='ocrx_word' id='word_1_35' title='bbox 559 626 691 669; x_wconf 88' lang='lat' dir='ltr'>summae</span> <span class='ocrx_word' id='word_1_36' title='bbox 706 607 869 685; x_wconf 62' lang='lat' dir='ltr'>dignitatis</span> <span class='ocrx_word' id='word_1_37' title='bbox 887 605 919 666; x_wconf 87' lang='lat' dir='ltr'>L.</span> <span class='ocrx_word' id='word_1_38' title='bbox 936 605 1043 666; x_wconf 91' lang='lat' dir='ltr'>lulium</span> <span class='ocrx_word' id='word_1_39' title='bbox 1058 614 1118 668; x_wconf 88' lang='lat' dir='ltr'>ter·</span> 
     </span>
     <span class='ocr_line' id='line_1_6' title="bbox 170 695 362 754; baseline -0.016 0"><span class='ocrx_word' id='word_1_40' title='bbox 170 695 240 754; x_wconf 89' lang='lat' dir='ltr'>tium</span> <span class='ocrx_word' id='word_1_41' title='bbox 253 698 362 753; x_wconf 88' lang='lat' dir='ltr'>creant.</span> 
     </span>
    </p>

    <p class='ocr_par' dir='ltr' id='par_1_3' title="bbox 96 774 1177 3538">
     <span class='ocr_line' id='line_1_7' title="bbox 229 774 1152 853; baseline -0.002 -17"><span class='ocrx_word' id='word_1_42' title='bbox 229 775 313 837; x_wconf 88' lang='lat' dir='ltr'>XVll.</span> <span class='ocrx_word' id='word_1_43' title='bbox 340 775 374 836; x_wconf 92' lang='lat' dir='ltr'>ln</span> <span class='ocrx_word' id='word_1_44' title='bbox 388 774 496 836; x_wconf 85' lang='lat' dir='ltr'>horum</span> <span class='ocrx_word' id='word_1_45' title='bbox 506 777 678 853; x_wconf 87' lang='lat' dir='ltr'>magistratu</span> <span class='ocrx_word' id='word_1_46' title='bbox 689 774 833 845; x_wconf 83' lang='lat' dir='ltr'>Fidenae,</span> <span class='ocrx_word' id='word_1_47' title='bbox 851 774 966 836; x_wconf 88' lang='lat' dir='ltr'>colonia</span> <span class='ocrx_word' id='word_1_48' title='bbox 977 775 1118 845; x_wconf 86' lang='lat' dir='ltr'>Romana,</span> <span class='ocrx_word' id='word_1_49' title='bbox 1139 783 1152 835; x_wconf 90' lang='lat'>1</span> 
     </span>
     <span class='ocr_line' id='line_1_8' title="bbox 96 857 1119 937; baseline 0.001 -19"><span class='ocrx_word' id='word_1_50' title='bbox 96 911 102 918; x_wconf 93' lang='lat'><strong>.</strong></span> <span class='ocrx_word' id='word_1_51' title='bbox 167 861 204 921; x_wconf 90' lang='lat' dir='ltr'>ad</span> <span class='ocrx_word' id='word_1_52' title='bbox 218 860 337 922; x_wconf 86' lang='lat' dir='ltr'>Lartem</span> <span class='ocrx_word' id='word_1_53' title='bbox 352 857 542 935; x_wconf 85' lang='lat' dir='ltr'>Tolumnium</span> <span class='ocrx_word' id='word_1_54' title='bbox 555 859 720 920; x_wconf 85' lang='lat' dir='ltr'>Veientium</span> <span class='ocrx_word' id='word_1_55' title='bbox 739 875 841 937; x_wconf 83' lang='lat' dir='ltr'>regem</span> <span class='ocrx_word' id='word_1_56' title='bbox 860 875 894 920; x_wconf 92' lang='lat' dir='ltr'>ac</span> <span class='ocrx_word' id='word_1_57' title='bbox 911 859 1048 920; x_wconf 89' lang='lat' dir='ltr'>Veientes</span> <span class='ocrx_word' id='word_1_58' title='bbox 1068 858 1119 919; x_wconf 88' lang='lat' dir='ltr'>de·</span> 
     </span>
     <span class='ocr_line' id='line_1_9' title="bbox 166 941 1154 1005; baseline -0.003 -1"><span class='ocrx_word' id='word_1_59' title='bbox 166 944 273 1005; x_wconf 87' lang='lat' dir='ltr'>iecere.</span> <span class='ocrx_word' id='word_1_60' title='bbox 308 943 402 1003; x_wconf 89' lang='lat' dir='ltr'>maius</span> <span class='ocrx_word' id='word_1_61' title='bbox 424 941 556 1002; x_wconf 90' lang='lat' dir='ltr'>additum</span> <span class='ocrx_word' id='word_1_62' title='bbox 579 941 738 1004; x_wconf 84' lang='lat' dir='ltr'>defectioni</span> <span class='ocrx_word' id='word_1_63' title='bbox 758 941 871 1005; x_wconf 86' lang='lat' dir='ltr'>scelus:</span> <span class='ocrx_word' id='word_1_64' title='bbox 899 942 928 1005; x_wconf 88' lang='lat' dir='ltr'>C.</span> <span class='ocrx_word' id='word_1_65' title='bbox 953 941 1154 1004; x_wconf 77' lang='lat' dir='ltr'>Fulciniuma</span> 
     </span>
     <span class='ocr_line' id='line_1_10' title="bbox 166 1025 1119 1104; baseline -0.004 -14"><span class='ocrx_word' id='word_1_66' title='bbox 166 1026 307 1090; x_wconf 81' lang='lat' dir='ltr'>Cloelium</span> <span class='ocrx_word' id='word_1_67' title='bbox 318 1025 436 1088; x_wconf 83' lang='lat' dir='ltr'>Tullum</span> <span class='ocrx_word' id='word_1_68' title='bbox 455 1026 505 1104; x_wconf 89' lang='lat' dir='ltr'>Sp.</span> <span class='ocrx_word' id='word_1_69' title='bbox 524 1026 643 1086; x_wconf 76' lang='lat' dir='ltr'>Antium</span> <span class='ocrx_word' id='word_1_70' title='bbox 663 1026 695 1087; x_wconf 92' lang='lat' dir='ltr'>L.</span> <span class='ocrx_word' id='word_1_71' title='bbox 710 1025 865 1098; x_wconf 83' lang='lat' dir='ltr'>Roscium,</span> <span class='ocrx_word' id='word_1_72' title='bbox 887 1025 999 1104; x_wconf 78' lang='lat' dir='ltr'>legatos</span> <span class='ocrx_word' id='word_1_73' title='bbox 1012 1025 1119 1087; x_wconf 88' lang='lat' dir='ltr'>Roma-</span> 
     </span>
     <span class='ocr_line' id='line_1_11' title="bbox 166 1109 1119 1189; baseline -0.003 -18"><span class='ocrx_word' id='word_1_74' title='bbox 166 1129 235 1180; x_wconf 90' lang='lat' dir='ltr'>nos,</span> <span class='ocrx_word' id='word_1_75' title='bbox 258 1127 376 1172; x_wconf 87' lang='lat' dir='ltr'>eausam</span> <span class='ocrx_word' id='word_1_76' title='bbox 393 1110 461 1172; x_wconf 83' lang='lat' dir='ltr'>novi</span> <span class='ocrx_word' id='word_1_77' title='bbox 477 1109 591 1170; x_wconf 90' lang='lat' dir='ltr'>consilii</span> <span class='ocrx_word' id='word_1_78' title='bbox 606 1116 797 1189; x_wconf 88' lang='lat' dir='ltr'>quaerentes,</span> <span class='ocrx_word' id='word_1_79' title='bbox 813 1111 896 1172; x_wconf 89' lang='lat' dir='ltr'>iussu</span> <span class='ocrx_word' id='word_1_80' title='bbox 909 1109 1058 1172; x_wconf 86' lang='lat' dir='ltr'>Tolumuii</span> <span class='ocrx_word' id='word_1_81' title='bbox 1074 1111 1119 1168; x_wconf 93' lang='lat' dir='ltr'>in·</span> 
     </span>
     <span class='ocr_line' id='line_1_12' title="bbox 165 1193 1153 1272; baseline -0.001 -18"><span class='ocrx_word' id='word_1_82' title='bbox 165 1195 356 1256; x_wconf 85' lang='lat' dir='ltr'>terlecerunt.</span> <span class='ocrx_word' id='word_1_83' title='bbox 387 1193 486 1254; x_wconf 87' lang='lat' dir='ltr'>levant</span> <span class='ocrx_word' id='word_1_84' title='bbox 506 1193 625 1271; x_wconf 90' lang='lat' dir='ltr'>quidam</span> <span class='ocrx_word' id='word_1_85' title='bbox 644 1195 723 1272; x_wconf 79' lang='lat' dir='ltr'>regis</span> <span class='ocrx_word' id='word_1_86' title='bbox 737 1193 866 1255; x_wconf 81' lang='lat' dir='ltr'>iaoirrrm:</span> <span class='ocrx_word' id='word_1_87' title='bbox 890 1194 921 1253; x_wconf 93' lang='lat' dir='ltr'>in</span> <span class='ocrx_word' id='word_1_88' title='bbox 938 1199 1119 1256; x_wconf 88' lang='lat' dir='ltr'>tesserarum</span> <span class='ocrx_word' id='word_1_89' title='bbox 1137 1201 1153 1253; x_wconf 82' lang='grc'>3</span> 
     </span>
     <span class='ocr_line' id='line_1_13' title="bbox 165 1275 1120 1357; baseline 0 -19"><span class='ocrx_word' id='word_1_90' title='bbox 165 1296 309 1357; x_wconf 90' lang='lat' dir='ltr'>prospero</span> <span class='ocrx_word' id='word_1_91' title='bbox 323 1279 402 1338; x_wconf 86' lang='lat' dir='ltr'>iaetu</span> <span class='ocrx_word' id='word_1_92' title='bbox 416 1294 518 1338; x_wconf 87' lang='lat' dir='ltr'>rocem</span> <span class='ocrx_word' id='word_1_93' title='bbox 538 1277 602 1339; x_wconf 89' lang='lat' dir='ltr'>eins</span> <span class='ocrx_word' id='word_1_94' title='bbox 625 1275 809 1356; x_wconf 84' lang='lat' dir='ltr'>ambiguam,</span> <span class='ocrx_word' id='word_1_95' title='bbox 831 1283 865 1338; x_wconf 92' lang='lat' dir='ltr'>ut</span> <span class='ocrx_word' id='word_1_96' title='bbox 885 1277 980 1339; x_wconf 89' lang='lat' dir='ltr'>occidi</span> <span class='ocrx_word' id='word_1_97' title='bbox 999 1277 1120 1338; x_wconf 90' lang='lat' dir='ltr'>iussisse</span> 
     </span>
     <span class='ocr_line' id='line_1_14' title="bbox 165 1359 1120 1440; baseline -0.002 -17"><span class='ocrx_word' id='word_1_98' title='bbox 165 1361 327 1432; x_wconf 84' lang='lat' dir='ltr'>videretur,</span> <span class='ocrx_word' id='word_1_99' title='bbox 349 1359 572 1422; x_wconf 88' lang='lat' dir='ltr'>aFidenatibus</span> <span class='ocrx_word' id='word_1_100' title='bbox 584 1366 736 1440; x_wconf 82' lang='lat' dir='ltr'>exceptam</span> <span class='ocrx_word' id='word_1_101' title='bbox 753 1378 871 1422; x_wconf 88' lang='lat' dir='ltr'>causam</span> <span class='ocrx_word' id='word_1_102' title='bbox 892 1362 996 1422; x_wconf 89' lang='lat' dir='ltr'>mortis</span> <span class='ocrx_word' id='word_1_103' title='bbox 1016 1359 1120 1439; x_wconf 81' lang='lat' dir='ltr'>legatis</span> 
     </span>
     <span class='ocr_line' id='line_1_15' title="bbox 165 1439 1154 1516; baseline -0.002 -10"><span class='ocrx_word' id='word_1_104' title='bbox 165 1445 269 1516; x_wconf 89' lang='lat' dir='ltr'>luisse,</span> <span class='ocrx_word' id='word_1_105' title='bbox 287 1462 352 1508; x_wconf 87' lang='lat' dir='ltr'>rem</span> <span class='ocrx_word' id='word_1_106' title='bbox 363 1443 582 1506; x_wconf 88' lang='lat' dir='ltr'>incredibilem:</span> <span class='ocrx_word' id='word_1_107' title='bbox 596 1447 763 1506; x_wconf 81' lang='lat' dir='ltr'>interventu</span> <span class='ocrx_word' id='word_1_108' title='bbox 775 1439 961 1507; x_wconf 89' lang='lat' dir='ltr'>Fidenatium</span> <span class='ocrx_word' id='word_1_109' title='bbox 975 1461 1119 1505; x_wconf 89' lang='lat' dir='ltr'>novorum</span> <span class='ocrx_word' id='word_1_110' title='bbox 1137 1457 1154 1504; x_wconf 81' lang='grc'><strong>4</strong></span> 
     </span>
     <span class='ocr_line' id='line_1_16' title="bbox 165 1526 1118 1608; baseline -0.002 -18"><span class='ocrx_word' id='word_1_111' title='bbox 165 1530 330 1600; x_wconf 88' lang='lat' dir='ltr'>sociorum,</span> <span class='ocrx_word' id='word_1_112' title='bbox 355 1526 572 1590; x_wconf 88' lang='lat' dir='ltr'>consulentiurn</span> <span class='ocrx_word' id='word_1_113' title='bbox 595 1529 631 1590; x_wconf 91' lang='lat' dir='ltr'>de</span> <span class='ocrx_word' id='word_1_114' title='bbox 654 1529 743 1591; x_wconf 87' lang='lat' dir='ltr'>caede</span> <span class='ocrx_word' id='word_1_115' title='bbox 763 1534 888 1608; x_wconf 87' lang='lat' dir='ltr'>ruptura</span> <span class='ocrx_word' id='word_1_116' title='bbox 909 1531 956 1591; x_wconf 92' lang='lat' dir='ltr'>ius</span> <span class='ocrx_word' id='word_1_117' title='bbox 976 1529 1118 1608; x_wconf 80' lang='lat' dir='ltr'>gentium,</span> 
     </span>
     <span class='ocr_line' id='line_1_17' title="bbox 165 1611 1119 1684; baseline -0.002 -11"><span class='ocrx_word' id='word_1_118' title='bbox 165 1630 224 1673; x_wconf 92' lang='lat' dir='ltr'>non</span> <span class='ocrx_word' id='word_1_119' title='bbox 242 1630 376 1675; x_wconf 82' lang='lat' dir='ltr'>aversum</span> <span class='ocrx_word' id='word_1_120' title='bbox 391 1611 427 1674; x_wconf 91' lang='lat' dir='ltr'>ab</span> <span class='ocrx_word' id='word_1_121' title='bbox 448 1613 610 1674; x_wconf 89' lang='lat' dir='ltr'>intentione</span> <span class='ocrx_word' id='word_1_122' title='bbox 625 1612 708 1674; x_wconf 92' lang='lat' dir='ltr'>lusus</span> <span class='ocrx_word' id='word_1_123' title='bbox 723 1614 868 1684; x_wconf 88' lang='lat' dir='ltr'>animum,</span> <span class='ocrx_word' id='word_1_124' title='bbox 885 1631 943 1675; x_wconf 88' lang='lat' dir='ltr'>nee</span> <span class='ocrx_word' id='word_1_125' title='bbox 961 1613 1068 1674; x_wconf 90' lang='lat' dir='ltr'>deinde</span> <span class='ocrx_word' id='word_1_126' title='bbox 1088 1613 1119 1671; x_wconf 93' lang='lat' dir='ltr'>in</span> 
     </span>
     <span class='ocr_line' id='line_1_18' title="bbox 166 1695 1152 1775; baseline -0.003 -17"><span class='ocrx_word' id='word_1_127' title='bbox 166 1714 299 1760; x_wconf 84' lang='lat' dir='ltr'>errorem</span> <span class='ocrx_word' id='word_1_128' title='bbox 318 1714 435 1758; x_wconf 89' lang='lat' dir='ltr'>versum</span> <span class='ocrx_word' id='word_1_129' title='bbox 451 1695 575 1757; x_wconf 86' lang='lat' dir='ltr'>facinus.</span> <span class='ocrx_word' id='word_1_130' title='bbox 609 1698 732 1775; x_wconf 91' lang='lat' dir='ltr'>propius</span> <span class='ocrx_word' id='word_1_131' title='bbox 748 1703 792 1758; x_wconf 90' lang='lat' dir='ltr'>est</span> <span class='ocrx_word' id='word_1_132' title='bbox 807 1696 896 1758; x_wconf 84' lang='lat' dir='ltr'>fidem</span> <span class='ocrx_word' id='word_1_133' title='bbox 911 1695 1056 1774; x_wconf 78' lang='lat' dir='ltr'>obstringi</span> <span class='ocrx_word' id='word_1_134' title='bbox 1071 1695 1118 1756; x_wconf 91' lang='lat' dir='ltr'>Fi·</span> <span class='ocrx_word' id='word_1_135' title='bbox 1136 1707 1152 1756; x_wconf 78' lang='lat' dir='ltr'>a</span> 
     </span>
     <span class='ocr_line' id='line_1_19' title="bbox 166 1778 1118 1859; baseline -0.001 -18"><span class='ocrx_word' id='word_1_136' title='bbox 166 1781 314 1842; x_wconf 86' lang='lat' dir='ltr'>denatium</span> <span class='ocrx_word' id='word_1_137' title='bbox 330 1778 488 1859; x_wconf 90' lang='lat' dir='ltr'>populum,</span> <span class='ocrx_word' id='word_1_138' title='bbox 505 1797 543 1842; x_wconf 91' lang='lat' dir='ltr'>ne</span> <span class='ocrx_word' id='word_1_139' title='bbox 558 1782 708 1858; x_wconf 88' lang='lat' dir='ltr'>respicere</span> <span class='ocrx_word' id='word_1_140' title='bbox 724 1798 808 1859; x_wconf 89' lang='lat' dir='ltr'>spem</span> <span class='ocrx_word' id='word_1_141' title='bbox 825 1778 916 1842; x_wconf 91' lang='lat' dir='ltr'>ullam</span> <span class='ocrx_word' id='word_1_142' title='bbox 931 1779 968 1841; x_wconf 89' lang='lat' dir='ltr'>ab</span> <span class='ocrx_word' id='word_1_143' title='bbox 979 1779 1118 1841; x_wconf 83' lang='lat' dir='ltr'>Romanis</span> 
     </span>
     <span class='ocr_line' id='line_1_20' title="bbox 164 1862 1152 1942; baseline 0.002 -18"><span class='ocrx_word' id='word_1_144' title='bbox 164 1869 278 1942; x_wconf 88' lang='lat' dir='ltr'>posset,</span> <span class='ocrx_word' id='word_1_145' title='bbox 291 1865 469 1926; x_wconf 88' lang='lat' dir='ltr'>conscientia</span> <span class='ocrx_word' id='word_1_146' title='bbox 483 1863 558 1924; x_wconf 91' lang='lat' dir='ltr'>tanti</span> <span class='ocrx_word' id='word_1_147' title='bbox 569 1862 689 1925; x_wconf 89' lang='lat' dir='ltr'>sceleris</span> <span class='ocrx_word' id='word_1_148' title='bbox 703 1863 839 1926; x_wconf 86' lang='lat' dir='ltr'>voluisse.</span> <span class='ocrx_word' id='word_1_149' title='bbox 869 1863 1051 1942; x_wconf 84' lang='lat' dir='ltr'>legatorum,</span> <span class='ocrx_word' id='word_1_150' title='bbox 1067 1863 1118 1941; x_wconf 91' lang='lat' dir='ltr'>qui</span> <span class='ocrx_word' id='word_1_151' title='bbox 1135 1875 1152 1927; x_wconf 81' lang='lat' dir='ltr'>o</span> 
     </span>
     <span class='ocr_line' id='line_1_21' title="bbox 161 1946 1118 2026; baseline -0.004 -16"><span class='ocrx_word' id='word_1_152' title='bbox 161 1947 283 2012; x_wconf 79' lang='lat' dir='ltr'>Fidenis</span> <span class='ocrx_word' id='word_1_153' title='bbox 308 1948 386 2010; x_wconf 82' lang='lat' dir='ltr'>oaesi</span> <span class='ocrx_word' id='word_1_154' title='bbox 411 1952 510 2017; x_wconf 88' lang='lat' dir='ltr'>erant,</span> <span class='ocrx_word' id='word_1_155' title='bbox 540 1952 653 2010; x_wconf 89' lang='lat' dir='ltr'>statuae</span> <span class='ocrx_word' id='word_1_156' title='bbox 674 1946 793 2026; x_wconf 86' lang='lat' dir='ltr'>publice</span> <span class='ocrx_word' id='word_1_157' title='bbox 815 1949 847 2008; x_wconf 92' lang='lat' dir='ltr'>in</span> <span class='ocrx_word' id='word_1_158' title='bbox 867 1947 982 2010; x_wconf 85' lang='lat' dir='ltr'>Rostris</span> <span class='ocrx_word' id='word_1_159' title='bbox 1005 1948 1118 2026; x_wconf 89' lang='lat' dir='ltr'>positae</span> 
     </span>
     <span class='ocr_line' id='line_1_22' title="bbox 163 2029 1118 2112; baseline -0.001 -20"><span class='ocrx_word' id='word_1_160' title='bbox 163 2037 241 2092; x_wconf 88' lang='lat' dir='ltr'>sunt.</span> <span class='ocrx_word' id='word_1_161' title='bbox 272 2031 345 2094; x_wconf 83' lang='lat' dir='ltr'>Cum</span> <span class='ocrx_word' id='word_1_162' title='bbox 358 2029 529 2094; x_wconf 90' lang='lat' dir='ltr'>Veientibus</span> <span class='ocrx_word' id='word_1_163' title='bbox 545 2030 811 2109; x_wconf 89' lang='lat' dir='ltr'>Fidenatibusque,</span> <span class='ocrx_word' id='word_1_164' title='bbox 828 2037 1037 2112; x_wconf 84' lang='lat' dir='ltr'>praeterquam</span> <span class='ocrx_word' id='word_1_165' title='bbox 1051 2031 1118 2092; x_wconf 89' lang='lat' dir='ltr'>lini·</span> 
     </span>
     <span class='ocr_line' id='line_1_23' title="bbox 165 2113 1118 2194; baseline 0.001 -20"><span class='ocrx_word' id='word_1_166' title='bbox 165 2116 252 2176; x_wconf 86' lang='lat' dir='ltr'>turnis</span> <span class='ocrx_word' id='word_1_167' title='bbox 267 2115 399 2194; x_wconf 91' lang='lat' dir='ltr'>populis,</span> <span class='ocrx_word' id='word_1_168' title='bbox 422 2113 459 2175; x_wconf 89' lang='lat' dir='ltr'>ab</span> <span class='ocrx_word' id='word_1_169' title='bbox 476 2131 564 2176; x_wconf 90' lang='lat' dir='ltr'>eausa</span> <span class='ocrx_word' id='word_1_170' title='bbox 580 2117 667 2177; x_wconf 90' lang='lat' dir='ltr'>etiam</span> <span class='ocrx_word' id='word_1_171' title='bbox 679 2121 738 2176; x_wconf 85' lang='lat' dir='ltr'>tarn</span> <span class='ocrx_word' id='word_1_172' title='bbox 761 2114 888 2177; x_wconf 83' lang='lat' dir='ltr'>nefanda</span> <span class='ocrx_word' id='word_1_173' title='bbox 905 2114 1017 2177; x_wconf 91' lang='lat' dir='ltr'>bellum</span> <span class='ocrx_word' id='word_1_174' title='bbox 1033 2133 1118 2177; x_wconf 84' lang='lat' dir='ltr'>exor-</span> 
     </span>
     <span class='ocr_line' id='line_1_24' title="bbox 163 2197 1152 2278; baseline -0.002 -18"><span class='ocrx_word' id='word_1_175' title='bbox 163 2200 204 2260; x_wconf 92' lang='lat' dir='ltr'>sis</span> <span class='ocrx_word' id='word_1_176' title='bbox 220 2205 304 2260; x_wconf 83' lang='lat' dir='ltr'>atrox</span> <span class='ocrx_word' id='word_1_177' title='bbox 320 2199 468 2260; x_wconf 90' lang='lat' dir='ltr'>dimicatio</span> <span class='ocrx_word' id='word_1_178' title='bbox 484 2197 620 2260; x_wconf 88' lang='lat' dir='ltr'>instabat.</span> <span class='ocrx_word' id='word_1_179' title='bbox 650 2201 750 2278; x_wconf 91' lang='lat' dir='ltr'>itaque</span> <span class='ocrx_word' id='word_1_180' title='bbox 760 2199 798 2259; x_wconf 92' lang='lat' dir='ltr'>ad</span> <span class='ocrx_word' id='word_1_181' title='bbox 813 2218 914 2261; x_wconf 89' lang='lat' dir='ltr'>curam</span> <span class='ocrx_word' id='word_1_182' title='bbox 929 2217 1062 2261; x_wconf 90' lang='lat' dir='ltr'>summae</span> <span class='ocrx_word' id='word_1_183' title='bbox 1071 2216 1117 2260; x_wconf 90' lang='lat' dir='ltr'>re·</span> <span class='ocrx_word' id='word_1_184' title='bbox 1136 2209 1152 2258; x_wconf 79' lang='lat' dir='ltr'>t</span> 
     </span>
     <span class='ocr_line' id='line_1_25' title="bbox 163 2281 1117 2362; baseline 0.002 -20"><span class='ocrx_word' id='word_1_185' title='bbox 163 2301 231 2343; x_wconf 90' lang='lat' dir='ltr'>rum</span> <span class='ocrx_word' id='word_1_186' title='bbox 246 2284 345 2362; x_wconf 90' lang='lat' dir='ltr'>quieta</span> <span class='ocrx_word' id='word_1_187' title='bbox 356 2281 444 2361; x_wconf 91' lang='lat' dir='ltr'>plebe</span> <span class='ocrx_word' id='word_1_188' title='bbox 462 2281 648 2362; x_wconf 91' lang='lat' dir='ltr'>tribunisque</span> <span class='ocrx_word' id='word_1_189' title='bbox 661 2281 807 2344; x_wconf 87' lang='lat' dir='ltr'>eiusnihil</span> <span class='ocrx_word' id='word_1_190' title='bbox 820 2284 1037 2346; x_wconf 81' lang='lat' dir='ltr'>controversiae</span> <span class='ocrx_word' id='word_1_191' title='bbox 1053 2283 1117 2353; x_wconf 89' lang='lat' dir='ltr'>luit,</span> 
     </span>
     <span class='ocr_line' id='line_1_26' title="bbox 163 2366 1177 2445; baseline -0.006 -17"><span class='ocrx_word' id='word_1_192' title='bbox 163 2368 234 2445; x_wconf 89' lang='lat' dir='ltr'>quin</span> <span class='ocrx_word' id='word_1_193' title='bbox 251 2366 389 2428; x_wconf 86' lang='lat' dir='ltr'>consules</span> <span class='ocrx_word' id='word_1_194' title='bbox 402 2372 575 2428; x_wconf 86' lang='lat' dir='ltr'>crearentur</span> <span class='ocrx_word' id='word_1_195' title='bbox 592 2367 630 2428; x_wconf 87' lang='lat' dir='ltr'>M.</span> <span class='ocrx_word' id='word_1_196' title='bbox 647 2368 795 2445; x_wconf 83' lang='lat' dir='ltr'>Geganius</span> <span class='ocrx_word' id='word_1_197' title='bbox 810 2367 977 2429; x_wconf 84' lang='lat' dir='ltr'>Macerinus</span> <span class='ocrx_word' id='word_1_198' title='bbox 997 2368 1118 2429; x_wconf 89' lang='lat' dir='ltr'>tertium</span> <span class='ocrx_word' id='word_1_199' title='bbox 1175 2417 1177 2422; x_wconf 83' lang='lat'><strong>.</strong></span> 
     </span>
     <span class='ocr_line' id='line_1_27' title="bbox 164 2449 1117 2529; baseline -0.003 -17"><span class='ocrx_word' id='word_1_200' title='bbox 164 2457 194 2512; x_wconf 88' lang='lat' dir='ltr'>et</span> <span class='ocrx_word' id='word_1_201' title='bbox 207 2449 239 2510; x_wconf 94' lang='lat' dir='ltr'>L.</span> <span class='ocrx_word' id='word_1_202' title='bbox 257 2451 379 2529; x_wconf 82' lang='lat' dir='ltr'>Sergius</span> <span class='ocrx_word' id='word_1_203' title='bbox 395 2451 536 2513; x_wconf 90' lang='lat' dir='ltr'>Fidenas:</span> <span class='ocrx_word' id='word_1_204' title='bbox 552 2469 569 2513; x_wconf 90' lang='lat' dir='ltr'>a</span> <span class='ocrx_word' id='word_1_205' title='bbox 586 2449 666 2512; x_wconf 90' lang='lat' dir='ltr'>bello</span> <span class='ocrx_word' id='word_1_206' title='bbox 678 2450 782 2521; x_wconf 88' lang='lat' dir='ltr'>credo,</span> <span class='ocrx_word' id='word_1_207' title='bbox 802 2450 881 2529; x_wconf 90' lang='lat' dir='ltr'>quod</span> <span class='ocrx_word' id='word_1_208' title='bbox 896 2450 1003 2513; x_wconf 91' lang='lat' dir='ltr'>deinde</span> <span class='ocrx_word' id='word_1_209' title='bbox 1019 2451 1117 2529; x_wconf 79' lang='lat' dir='ltr'>gessit,</span> 
     </span>
     <span class='ocr_line' id='line_1_28' title="bbox 163 2532 1152 2614; baseline 0.002 -22"><span class='ocrx_word' id='word_1_210' title='bbox 163 2532 352 2611; x_wconf 89' lang='lat' dir='ltr'>appellatum.</span> <span class='ocrx_word' id='word_1_211' title='bbox 383 2532 433 2595; x_wconf 91' lang='lat' dir='ltr'>hie</span> <span class='ocrx_word' id='word_1_212' title='bbox 448 2535 527 2596; x_wconf 91' lang='lat' dir='ltr'>enim</span> <span class='ocrx_word' id='word_1_213' title='bbox 545 2535 659 2614; x_wconf 89' lang='lat' dir='ltr'>primus</span> <span class='ocrx_word' id='word_1_214' title='bbox 676 2535 719 2595; x_wconf 89' lang='lat' dir='ltr'>ois</span> <span class='ocrx_word' id='word_1_215' title='bbox 735 2533 879 2596; x_wconf 81' lang='lat' dir='ltr'>Anienem</span> <span class='ocrx_word' id='word_1_216' title='bbox 894 2553 961 2595; x_wconf 87' lang='lat' dir='ltr'>curn</span> <span class='ocrx_word' id='word_1_217' title='bbox 975 2551 1046 2613; x_wconf 83' lang='lat' dir='ltr'>rege</span> <span class='ocrx_word' id='word_1_218' title='bbox 1062 2533 1117 2596; x_wconf 89' lang='lat' dir='ltr'>Vc·</span> <span class='ocrx_word' id='word_1_219' title='bbox 1134 2542 1152 2594; x_wconf 79' lang='grc' dir='ltr'><strong>Β</strong></span> 
     </span>
     <span class='ocr_line' id='line_1_29' title="bbox 165 2617 1118 2697; baseline 0.002 -21"><span class='ocrx_word' id='word_1_220' title='bbox 165 2618 288 2678; x_wconf 86' lang='lat' dir='ltr'>lentium</span> <span class='ocrx_word' id='word_1_221' title='bbox 308 2617 439 2680; x_wconf 90' lang='lat' dir='ltr'>seeundo</span> <span class='ocrx_word' id='word_1_222' title='bbox 462 2617 577 2697; x_wconf 90' lang='lat' dir='ltr'>proelio</span> <span class='ocrx_word' id='word_1_223' title='bbox 597 2617 728 2680; x_wconf 84' lang='lat' dir='ltr'>conflixit</span> <span class='ocrx_word' id='word_1_224' title='bbox 747 2635 805 2680; x_wconf 88' lang='lat' dir='ltr'>nee</span> <span class='ocrx_word' id='word_1_225' title='bbox 822 2617 1009 2680; x_wconf 86' lang='lat' dir='ltr'>incruentam</span> <span class='ocrx_word' id='word_1_226' title='bbox 1028 2618 1118 2678; x_wconf 83' lang='lat' dir='ltr'>ricto·</span> 
     </span>
     <span class='ocr_line' id='line_1_30' title="bbox 164 2700 1118 2782; baseline 0.001 -22"><span class='ocrx_word' id='word_1_227' title='bbox 164 2703 242 2761; x_wconf 89' lang='lat' dir='ltr'>riam</span> <span class='ocrx_word' id='word_1_228' title='bbox 253 2700 364 2764; x_wconf 84' lang='lat' dir='ltr'>retulit</span> <span class='ocrx_word' id='word_1_229' title='bbox 396 2702 490 2764; x_wconf 90' lang='lat' dir='ltr'>maior</span> <span class='ocrx_word' id='word_1_230' title='bbox 505 2703 605 2782; x_wconf 90' lang='lat' dir='ltr'>itaque</span> <span class='ocrx_word' id='word_1_231' title='bbox 622 2722 658 2765; x_wconf 82' lang='lat' dir='ltr'>ex</span> <span class='ocrx_word' id='word_1_232' title='bbox 674 2701 785 2764; x_wconf 84' lang='lat' dir='ltr'>ciu’bus</span> <span class='ocrx_word' id='word_1_233' title='bbox 802 2703 916 2764; x_wconf 87' lang='lat' dir='ltr'>amissis</span> <span class='ocrx_word' id='word_1_234' title='bbox 931 2700 1015 2764; x_wconf 90' lang='lat' dir='ltr'>dolor</span> <span class='ocrx_word' id='word_1_235' title='bbox 1030 2718 1118 2781; x_wconf 90' lang='lat' dir='ltr'>quam</span> 
     </span>
     <span class='ocr_line' id='line_1_31' title="bbox 164 2784 1117 2866; baseline 0.003 -22"><span class='ocrx_word' id='word_1_236' title='bbox 164 2784 272 2846; x_wconf 85' lang='lat' dir='ltr'>laetitia</span> <span class='ocrx_word' id='word_1_237' title='bbox 286 2785 360 2848; x_wconf 87' lang='lat' dir='ltr'>lusis</span> <span class='ocrx_word' id='word_1_238' title='bbox 370 2785 505 2848; x_wconf 87' lang='lat' dir='ltr'>hostibus</span> <span class='ocrx_word' id='word_1_239' title='bbox 515 2786 587 2856; x_wconf 80' lang='lat' dir='ltr'>luit:</span> <span class='ocrx_word' id='word_1_240' title='bbox 609 2794 638 2850; x_wconf 91' lang='lat' dir='ltr'>et</span> <span class='ocrx_word' id='word_1_241' title='bbox 648 2792 783 2858; x_wconf 90' lang='lat' dir='ltr'>senatus,</span> <span class='ocrx_word' id='word_1_242' title='bbox 798 2787 873 2848; x_wconf 92' lang='lat' dir='ltr'>utin</span> <span class='ocrx_word' id='word_1_243' title='bbox 884 2787 1007 2866; x_wconf 91' lang='lat' dir='ltr'>trepidis</span> <span class='ocrx_word' id='word_1_244' title='bbox 1018 2785 1117 2854; x_wconf 90' lang='lat' dir='ltr'>rebus,</span> 
     </span>
     <span class='ocr_line' id='line_1_32' title="bbox 164 2869 1153 2949; baseline 0.008 -22"><span class='ocrx_word' id='word_1_245' title='bbox 164 2869 337 2932; x_wconf 87' lang='lat' dir='ltr'>dictatorern</span> <span class='ocrx_word' id='word_1_246' title='bbox 353 2870 410 2932; x_wconf 88' lang='lat' dir='ltr'>diei</span> <span class='ocrx_word' id='word_1_247' title='bbox 420 2871 602 2933; x_wconf 89' lang='lat' dir='ltr'>Mamercum</span> <span class='ocrx_word' id='word_1_248' title='bbox 613 2869 769 2933; x_wconf 81' lang='lat' dir='ltr'>Aemilium</span> <span class='ocrx_word' id='word_1_249' title='bbox 783 2872 876 2933; x_wconf 90' lang='lat' dir='ltr'>iussit.</span> <span class='ocrx_word' id='word_1_250' title='bbox 905 2872 931 2932; x_wconf 90' lang='lat' dir='ltr'>is</span> <span class='ocrx_word' id='word_1_251' title='bbox 945 2871 1117 2949; x_wconf 78' lang='lat' dir='ltr'>magistrum</span> <span class='ocrx_word' id='word_1_252' title='bbox 1135 2881 1153 2935; x_wconf 72' lang='lat' dir='ltr'>o</span> 
     </span>
     <span class='ocr_line' id='line_1_33' title="bbox 164 2952 1117 3034; baseline 0.001 -22"><span class='ocrx_word' id='word_1_253' title='bbox 164 2953 296 3029; x_wconf 89' lang='lat' dir='ltr'>equitum</span> <span class='ocrx_word' id='word_1_254' title='bbox 313 2971 350 3016; x_wconf 84' lang='lat' dir='ltr'>ex</span> <span class='ocrx_word' id='word_1_255' title='bbox 367 2952 490 3033; x_wconf 79' lang='lat' dir='ltr'>collegio</span> <span class='ocrx_word' id='word_1_256' title='bbox 506 2955 614 3034; x_wconf 86' lang='lat' dir='ltr'>prioris</span> <span class='ocrx_word' id='word_1_257' title='bbox 627 2955 710 3025; x_wconf 91' lang='lat' dir='ltr'>anni,</span> <span class='ocrx_word' id='word_1_258' title='bbox 734 2972 793 3032; x_wconf 92' lang='lat' dir='ltr'>quo</span> <span class='ocrx_word' id='word_1_259' title='bbox 814 2954 899 3016; x_wconf 88' lang='lat' dir='ltr'>simul</span> <span class='ocrx_word' id='word_1_260' title='bbox 916 2954 1028 3015; x_wconf 89' lang='lat' dir='ltr'>tribuni</span> <span class='ocrx_word' id='word_1_261' title='bbox 1042 2952 1117 3015; x_wconf 91' lang='lat' dir='ltr'>mili-</span> 
     </span>
     <span class='ocr_line' id='line_1_34' title="bbox 163 3035 1117 3116; baseline 0.001 -21"><span class='ocrx_word' id='word_1_262' title='bbox 163 3042 226 3096; x_wconf 88' lang='lat' dir='ltr'>tmn</span> <span class='ocrx_word' id='word_1_263' title='bbox 242 3035 391 3097; x_wconf 88' lang='lat' dir='ltr'>consulari</span> <span class='ocrx_word' id='word_1_264' title='bbox 410 3042 553 3116; x_wconf 90' lang='lat' dir='ltr'>potestate</span> <span class='ocrx_word' id='word_1_265' title='bbox 576 3039 709 3109; x_wconf 86' lang='lat' dir='ltr'>luerent,</span> <span class='ocrx_word' id='word_1_266' title='bbox 729 3037 761 3099; x_wconf 97' lang='lat' dir='ltr'>L.</span> <span class='ocrx_word' id='word_1_267' title='bbox 779 3036 947 3107; x_wconf 87' lang='lat' dir='ltr'>Quinctium</span> <span class='ocrx_word' id='word_1_268' title='bbox 963 3039 1117 3100; x_wconf 82' lang='lat' dir='ltr'>Cincinna-</span> 
     </span>
     <span class='ocr_line' id='line_1_35' title="bbox 132 3119 1171 3204; baseline 0.005 -26"><span class='ocrx_word' id='word_1_269' title='bbox 132 3196 135 3204; x_wconf 20' lang='grc' dir='ltr'>ι</span> <span class='ocrx_word' id='word_1_270' title='bbox 165 3125 241 3190; x_wconf 86' lang='lat' dir='ltr'>tum,</span> <span class='ocrx_word' id='word_1_271' title='bbox 261 3119 383 3197; x_wconf 80' lang='lat' dir='ltr'>dignum</span> <span class='ocrx_word' id='word_1_272' title='bbox 398 3127 521 3199; x_wconf 89' lang='lat' dir='ltr'>parente</span> <span class='ocrx_word' id='word_1_273' title='bbox 536 3124 687 3193; x_wconf 89' lang='lat' dir='ltr'>iuvenem,</span> <span class='ocrx_word' id='word_1_274' title='bbox 704 3123 785 3183; x_wconf 84' lang='lat' dir='ltr'>dixit.</span> <span class='ocrx_word' id='word_1_275' title='bbox 817 3123 853 3184; x_wconf 90' lang='lat' dir='ltr'>ad</span> <span class='ocrx_word' id='word_1_276' title='bbox 864 3121 1032 3182; x_wconf 90' lang='lat' dir='ltr'>dilectuma</span> <span class='ocrx_word' id='word_1_277' title='bbox 1048 3137 1117 3180; x_wconf 90' lang='lat' dir='ltr'>con·</span> <span class='ocrx_word' id='word_1_278' title='bbox 1137 3131 1171 3183; x_wconf 84' lang='lat' dir='ltr'>itt</span> 
     </span>
     <span class='ocr_line' id='line_1_36' title="bbox 162 3201 1119 3284; baseline 0 -20"><span class='ocrx_word' id='word_1_279' title='bbox 162 3201 277 3264; x_wconf 90' lang='lat' dir='ltr'>sulibus</span> <span class='ocrx_word' id='word_1_280' title='bbox 293 3203 427 3264; x_wconf 90' lang='lat' dir='ltr'>habitum</span> <span class='ocrx_word' id='word_1_281' title='bbox 448 3206 636 3268; x_wconf 89' lang='lat' dir='ltr'>centuriones</span> <span class='ocrx_word' id='word_1_282' title='bbox 650 3212 765 3268; x_wconf 83' lang='lat' dir='ltr'>veteres</span> <span class='ocrx_word' id='word_1_283' title='bbox 779 3204 850 3267; x_wconf 90' lang='lat' dir='ltr'>belli</span> <span class='ocrx_word' id='word_1_284' title='bbox 866 3205 955 3284; x_wconf 85' lang='lat' dir='ltr'>periti</span> <span class='ocrx_word' id='word_1_285' title='bbox 971 3205 1077 3266; x_wconf 88' lang='lat' dir='ltr'>adiecti</span> <span class='ocrx_word' id='word_1_286' title='bbox 1089 3210 1119 3264; x_wconf 94' lang='lat' dir='ltr'>et</span> 
     </span>
     <span class='ocr_line' id='line_1_37' title="bbox 163 3286 1118 3369; baseline 0.002 -23"><span class='ocrx_word' id='word_1_287' title='bbox 163 3305 305 3350; x_wconf 90' lang='lat' dir='ltr'>numerus</span> <span class='ocrx_word' id='word_1_288' title='bbox 332 3288 508 3350; x_wconf 87' lang='lat' dir='ltr'>amissorum</span> <span class='ocrx_word' id='word_1_289' title='bbox 534 3292 669 3369; x_wconf 83' lang='lat' dir='ltr'>proxima</span> <span class='ocrx_word' id='word_1_290' title='bbox 697 3306 796 3368; x_wconf 78' lang='lat' dir='ltr'>pugna</span> <span class='ocrx_word' id='word_1_291' title='bbox 822 3298 966 3368; x_wconf 86' lang='lat' dir='ltr'>expletus.</span> <span class='ocrx_word' id='word_1_292' title='bbox 1006 3286 1118 3366; x_wconf 81' lang='lat' dir='ltr'>legatos</span> 
     </span>
     <span class='ocr_line' id='line_1_38' title="bbox 121 3367 1119 3458; baseline 0.002 -28"><span class='ocrx_word' id='word_1_293' title='bbox 121 3441 130 3458; x_wconf 95' lang='lat'><strong>.</strong></span> <span class='ocrx_word' id='word_1_294' title='bbox 162 3367 331 3438; x_wconf 84' lang='lat' dir='ltr'>Quinctium</span> <span class='ocrx_word' id='word_1_295' title='bbox 347 3371 543 3451; x_wconf 78' lang='lat' dir='ltr'>Capitolinum</span> <span class='ocrx_word' id='word_1_296' title='bbox 559 3379 589 3434; x_wconf 93' lang='lat' dir='ltr'>et</span> <span class='ocrx_word' id='word_1_297' title='bbox 601 3374 639 3436; x_wconf 90' lang='lat' dir='ltr'>M.</span> <span class='ocrx_word' id='word_1_298' title='bbox 652 3371 776 3436; x_wconf 85' lang='lat' dir='ltr'>Fabium</span> <span class='ocrx_word' id='word_1_299' title='bbox 790 3371 967 3434; x_wconf 87' lang='lat' dir='ltr'>Vibulanum</span> <span class='ocrx_word' id='word_1_300' title='bbox 985 3373 1070 3452; x_wconf 91' lang='lat' dir='ltr'>sequi</span> <span class='ocrx_word' id='word_1_301' title='bbox 1086 3389 1119 3432; x_wconf 90' lang='lat' dir='ltr'>se</span> 
     </span>
     <span class='ocr_line' id='line_1_39' title="bbox 161 3453 1169 3538; baseline 0.005 -25"><span class='ocrx_word' id='word_1_302' title='bbox 161 3453 288 3516; x_wconf 88' lang='lat' dir='ltr'>dictator</span> <span class='ocrx_word' id='word_1_303' title='bbox 298 3457 392 3518; x_wconf 86' lang='lat' dir='ltr'>iussit.</span> <span class='ocrx_word' id='word_1_304' title='bbox 423 3475 490 3520; x_wconf 89' lang='lat' dir='ltr'>eum</span> <span class='ocrx_word' id='word_1_305' title='bbox 505 3463 636 3538; x_wconf 89' lang='lat' dir='ltr'>potestas</span> <span class='ocrx_word' id='word_1_306' title='bbox 653 3457 748 3518; x_wconf 88' lang='lat' dir='ltr'>maior</span> <span class='ocrx_word' id='word_1_307' title='bbox 763 3462 826 3519; x_wconf 88' lang='lat' dir='ltr'>turn</span> <span class='ocrx_word' id='word_1_308' title='bbox 838 3457 881 3518; x_wconf 86' lang='lat' dir='ltr'>vir</span> <span class='ocrx_word' id='word_1_309' title='bbox 899 3475 1016 3537; x_wconf 90' lang='lat' dir='ltr'>quoque</span> <span class='ocrx_word' id='word_1_310' title='bbox 1034 3461 1118 3535; x_wconf 91' lang='lat' dir='ltr'>pote·</span> <span class='ocrx_word' id='word_1_311' title='bbox 1137 3461 1169 3518; x_wconf 85' lang='lat'>11</span> 
     </span>
    </p>
   </div>
   <div class='ocr_carea' id='block_1_3' title="bbox 0 0 1296 3954">
    <p class='ocr_par' dir='ltr' id='par_1_4' title="bbox 0 0 1296 3954">
     <span class='ocr_line' id='line_1_40' title="bbox 0 0 1296 3954; baseline 0 0"><span class='ocrx_word' id='word_1_312' title='bbox 0 0 1296 3954; x_wconf 95' lang='lat' dir='ltr'> </span> 
     </span>
    </p>
   </div>
  </div>
 </body>
</html>
