2534 3956
253 229 350 274 nmmo
365 231 397 274 v.
421 230 492 274 car.
507 223 550 276 24.
560 224 612 278 bb.
633 210 675 303 [a.
692 211 726 275 Ο.
742 224 803 280 396·
819 212 882 296 395]
989 219 1050 285 281

1 445 2 460 χ
92 378 145 440 bes
160 379 188 440 vi
203 387 254 440 aut
275 377 417 459 operibus
436 385 610 459 temptatae,
630 381 682 442 sed
702 399 772 460 eger
793 388 838 443 est
858 381 1053 463 depopulatur

1 519 2 524 ,
91 462 280 542 praedaeque
294 479 398 525 rerum
412 466 572 542 agrestium
589 470 689 534 actae;
706 464 788 527 nulla
798 464 869 527 felix
885 465 990 537 arbor,
1006 471 1053 530 nl·

92 545 133 606 bil
148 547 326 624 frugiferum
337 548 370 608 in
384 563 456 626 agro
471 547 620 611 relictum.
651 567 685 612 ea
700 547 799 612 clades
811 549 988 629 Capenatem
998 568 1052 630 po·
1069 567 1086 620 ³

92 629 195 774 pulurlp
212 629 345 710 subegit,
369 649 428 711 pax
449 632 623 712 petentibus
636 632 718 703 datm
743 635 774 694 in
795 631 918 696 Faliscis
940 632 1051 696 bellurn

91 723 168 776 resta
191 721 229 775 at
631 751 635 759 ·

152 798 264 860 Romae
280 799 406 861 interim»
416 798 571 879 multiplex
585 801 782 873 seditioerat,
796 803 881 864 cuius
895 801 1053 866 leniendae
1068 815 1135 865 lm-
1149 849 1154 854 ·
1170 843 1182 856 .

91 899 179 944 causa
196 880 391 944 coloniamin
403 883 540 955 llolsoos,
563 902 621 964 qrro
643 886 700 946 teia
721 885 803 948 milia
818 887 926 948 civium
944 886 1052 948 Roma·

37 1019 51 1032 .
90 966 434 1039 norumsoriberenttu,
458 967 661 1030 destinandam
678 976 871 1040 compartum
891 971 1062 1032 rainneri·-

89 1068 148 1130 que
163 1050 199 1111 ad
223 1050 254 1112 id
276 1052 369 1112 creati
389 1057 476 1118 mua
489 1053 593 1130 ugera
608 1061 637 1114 ei
650 1062 808 1132 septennes
822 1056 931 1116 viritim
946 1055 1052 1117 divise·

88 1141 165 1196 rant.
198 1153 235 1196 ca
249 1134 371 1213 largitio
384 1136 490 1214 sperni
506 1142 626 1214 coepta,
651 1139 719 1213 quia
741 1139 807 1217 spei
827 1139 952 1200 maioris
968 1155 1052 1200 aver-
1069 1148 1086 1200 u

89 1219 196 1280 tendae
215 1217 361 1279 solaeimn
381 1217 531 1278 obiectum
553 1218 730 1281 censebant:
751 1238 806 1282 cur
829 1223 909 1282 enim
923 1220 1053 1300 relegari

89 1301 207 1382 plebem
230 1303 262 1361 iu
277 1298 414 1372 Volscae,
440 1319 508 1362 eum
529 1301 730 1381 pulcherrima
752 1302 828 1366 urbs
847 1304 900 1366 liei
921 1321 1052 1383 agerque

89 1387 274 1448 Veientanae
285 1386 319 1446 ia
332 1392 499 1465 conspectu·
509 1387 564 1456 sit,
581 1385 704 1447 uberior
719 1386 906 1467 ampliorque
918 1388 1052 1450 Romano

88 1469 180 1550 agro?
207 1467 314 1531 urbem
329 1485 448 1548 quom
462 1467 531 1530 urbi
545 1469 657 1532 Romae
671 1470 720 1531 rel
731 1472 789 1532 situ
805 1470 852 1534 rel
861 1472 1051 1550 mgniflcan·
1069 1482 1086 1536 o

87 1556 128 1616 tia
143 1549 335 1634 publicorum
351 1554 592 1634 minutorumque
606 1561 755 1616 tectorum
770 1573 803 1616 ac
814 1554 951 1618 locorum
963 1572 1051 1636 prae·

87 1636 249 1720 ponebant
281 1636 358 1717 quin
374 1636 423 1698 illa
447 1655 565 1718 quoquc
589 1640 667 1700 actio
683 1637 873 1710 movebatm,
896 1657 972 1718 quae
985 1646 1086 1719 posta
1185 1639 1189 1648 '

89 1730 205 1802 captam
226 1723 329 1802 utique
342 1721 467 1784 Romam
488 1739 505 1782 a
520 1721 612 1784 Gadis
627 1721 806 1784 celebratior
823 1723 892 1794 fuit,
913 1724 1052 1784 benemi-

89 1807 194 1886 graudi
212 1806 314 1867 Veios.
340 1812 474 1867 octonum
487 1811 604 1884 partem
618 1805 715 1885 plebis
737 1812 854 1886 partem
866 1813 986 1869 senatus
1000 1806 1051 1868 de·
1069 1815 1086 1868 8

88 1889 241 1952 stipabant
255 1888 296 1950 ad·
307 1887 484 1950 habiimdoe
499 1889 604 1959 lleios,
628 1889 766 1968 duaeque
774 1889 866 1953 urbes
886 1891 1052 1952 communie

87 1975 133 2036 rei
144 1971 385 2053 publicaeirrcoli
400 1991 417 2032 a
431 1970 688 2051 populoltomauo
698 1992 800 2053 posse.
822 1974 965 2037 aduersus
975 1991 1052 2053 quae
1068 1987 1085 2040 t

89 2075 157 2118 eum
177 2057 388 2136 optimatanita
406 2055 576 2128 terrdenent,
596 2063 631 2117 ut
644 2059 803 2120 morituros
822 2076 856 2120 se
871 2058 960 2120 cuim
972 2057 1051 2120 dice·

87 2148 157 2203 rent
173 2142 208 2201 in
221 2147 386 2220 conspeetu
397 2139 501 2221 populi
516 2139 645 2202 domni
658 2159 746 2220 qrmnr
767 2143 926 2220 quicquum
948 2159 1051 2204 earum

87 2231 379 2303 rerumrogarotur:
395 2226 506 2305 quippe
518 2241 599 2286 nunc
610 2227 642 2286 in
653 2242 711 2286 una
726 2224 926 2288 urbetantum
937 2225 1054 2288 distem
1070 2237 1102 2290 10

87 2310 205 2372 siormm
221 2327 301 2380 esse,
324 2309 396 2387 quid
416 2311 450 2370 iu
469 2307 584 2371 duabus
600 2308 829 2372 resumserat
855 2311 1002 2372 victamne
1019 2316 1053 2370 ut

87 2394 1052 2557 doliiilditidtdifflliuidtitdd‘d
1070 2487 1100 2540 11

87 2569 198 2622 sinemo
213 2579 245 2622 se
260 2561 419 2639 relinqula
435 2558 549 2622 civibus
560 2563 591 2620 in
605 2561 703 2641 patria
711 2578 816 2640 posse;
831 2558 1055 2638 utrolinquant

87 2646 219 2725 patriam·
243 2651 335 2722 atque
357 2645 436 2706 ciues
460 2642 573 2704 nudam
598 2646 660 2704 rim
679 2661 820 2722 umquam
844 2641 1048 2714 subacturum

88 2734 132 2790 et:
156 2729 190 2790 Ἥ.
207 2727 353 2790 Sicinium
370 2759 407 2774 ···
428 2729 455 2789 is
469 2726 548 2788 mim
564 2743 605 2790 en
618 2727 753 2789 tribunis
768 2725 871 2808 plebis·
885 2728 1049 2806 negationis

89 2814 154 2874 eius
166 2811 243 2872 lator
259 2817 324 2874 erat
340 2845 376 2857 -
394 2811 584 2873 conditorem
592 2811 680 2874 Veios
694 2817 857 2890 sequanum
870 2809 977 2874 relicto
992 2811 1049 2874 deo

87 2895 230 2967 Romulo,
256 2896 308 2958 dei
325 2894 401 2968 illio,
424 2901 549 2976 parente
570 2903 599 2957 et
619 2901 742 2958 metere
762 2894 852 2957 urbis
864 2895 993 2957 Romae:
1010 2927 1046 2942 -

87 2979 173 3040 XXV.
201 2979 276 3042 haec
296 2997 364 3041 cum
385 2979 480 3041 foedis
503 2978 713 3042 coetmuiniboe
736 2986 899 3058 monentur
921 3009 956 3024 ·-
981 2990 1084 3041 naml

87 3071 203 3144 partem
218 3063 408 3124 tribunorum
422 3061 504 3143 plebi
523 3065 671 3143 patrosin
691 3081 780 3125 suano
795 3063 972 3126 sententiam
989 3069 1050 3121 tra·

87 3154 194 3210 serant
211 3176 261 3219 -ν,
275 3145 357 3208 nulla
375 3164 430 3208 rest
445 3145 501 3208 alio
521 3147 662 3208 manibus
673 3155 844 3226 temperare
862 3143 981 3225 plebem
1000 3162 1050 3206 co·
1068 3159 1085 3208 2

88 3231 177 3310 gebat
190 3229 396 3310 quamquod,
411 3229 465 3290 ubi
482 3231 565 3294 rixae
586 3231 813 3292 committendae
835 3247 922 3291 causa
938 3227 1051 3290 elamor

88 3322 174 3377 ortus
197 3323 290 3388 esset,
311 3315 464 3394 principes
485 3322 605 3378 moetus
620 3316 708 3394 primi
723 3312 829 3376 turbae
845 3312 1006 3375 offerentes
1018 3331 1051 3374 ee

88 3400 150 3478 peti
165 3399 307 3480 feririque
325 3403 414 3476 atque
428 3398 524 3460 occidi
544 3399 695 3462 iubebant
723 3397 760 3460 ab
782 3399 890 3460 horum
906 3396 1085 3464 accerume

89 3482 341 3562 dignitatibusque
363 3489 393 3544 et
411 3481 576 3545 bonoribus
594 3482 737 3544 violandis
753 3482 822 3544 dum
838 3480 1049 3552 abstinebatur,
