2522 3954
116 369 118 374 '
191 359 240 419 kio
256 358 472 430 discessissem,
494 369 523 421 et
539 378 591 422 eos
605 359 702 432 locos,
725 360 833 438 quibus
849 369 972 440 propter
986 361 1150 422 dissensum

190 443 336 503 librorum
350 443 508 504 meliorum
524 443 561 504 de
572 462 641 505 vera
652 444 779 507 lectione
791 461 852 504 non
861 446 982 505 omnino
991 450 1113 515 constat,
1123 452 1151 506 et

192 545 252 597 eos,
272 526 379 604 qulbus
395 535 472 588 outa
487 528 704 590 recentioribus
725 526 877 590 codicibus
891 526 1033 588 auxilium
1048 535 1150 608 peteu-

190 611 259 671 dum
287 609 358 680 luit,
386 617 437 672 aut
463 610 618 672 doctorum
645 613 776 672 virorum
799 611 988 674 coniecturae
1013 618 1151 690 receptae

190 701 274 764 sunt,
297 694 418 772 collegi,
435 702 464 756 et
483 712 558 772 quae
573 696 604 755 in
619 695 692 756 locis
706 693 922 756 dillicilioribus
941 702 992 756 eut
1005 697 1151 774 suspectis

189 796 206 839 a
226 779 335 839 criticis
353 784 462 839 tentata
483 785 567 849 sunt,
593 795 669 856 quae
690 779 809 856 crudem
825 779 897 840 mibi
917 787 985 841 nou
1008 786 1107 841 essent
1123 787 1152 841 et

189 861 317 939 aliquem
340 861 495 924 utilitatem
513 862 625 925 babere
646 862 831 933 viderentur,
854 864 998 941 congessi.
1041 862 1075 924 ln
1095 863 1152 922 vito

189 944 263 1006 livii
275 946 449 1025 exponenda
467 965 510 1016 eu,
530 964 605 1024 quae
619 963 715 1026 nuper
728 945 785 1008 elio
805 945 872 1007 loco
883 946 1042 1025 disputari,
1057 952 1150 1008 retra·

188 1029 307 1100 ctanda,
331 1030 527 1100 emendando,
550 1032 684 1110 augenda
709 1038 801 1092 erant.
839 1026 903 1098 Ouo
920 1030 1042 1108 qtudcm
1062 1031 1094 1090 in
1117 1048 1151 1092 re

188 1115 299 1192 puriter
316 1120 403 1190 utque
414 1115 445 1176 in
458 1115 594 1176 codicum
610 1117 757 1194 scripture
771 1121 853 1176 recte
867 1113 1048 1176 aestimanda
1063 1120 1151 1192 etque

189 1197 285 1258 causis
299 1199 437 1260 vitiorum
458 1196 504 1260 vel
526 1201 645 1279 optimis
661 1198 745 1260 libris
760 1197 910 1259 illatorum
923 1196 1107 1259 inveniendis
1124 1201 1154 1258 et

187 1279 325 1344 tollendis
342 1280 503 1359 plurimum
519 1301 566 1345 me
582 1282 714 1344 adiutum
735 1301 800 1344 esse
817 1280 969 1360 praeclare
990 1287 1020 1342 et
1033 1281 1151 1342 utilissi-

188 1383 234 1425 me
249 1381 350 1442 opere,
368 1381 456 1440 quem
469 1366 611 1426 Mor-tinus
628 1367 716 1426 Hertz
732 1367 764 1425 V.
786 1364 827 1426 Cl.
843 1381 939 1443 nuper
954 1365 986 1424 in
1001 1363 1081 1424 Livio
1098 1382 1150 1443 po·

188 1449 259 1517 suit,
281 1445 387 1508 lubens
407 1453 552 1525 gratoque
575 1449 672 1508 auimo
694 1448 847 1526 profiteor.
881 1447 915 1507 ln
937 1447 1034 1526 primu
1054 1451 1151 1508 temen

188 1531 307 1600 decade,
324 1547 501 1610 quemquam
513 1545 574 1592 non
585 1531 704 1601 dubito,
723 1533 795 1608 quin
804 1530 936 1593 Mediceo
949 1528 1026 1591 libro
1039 1536 1068 1591 et
1078 1530 1151 1590 Vor-

188 1613 330 1676 maciensl
344 1615 458 1693 primus
478 1613 562 1676 locus
583 1616 621 1676 sit
641 1613 837 1685 tribuendus,
859 1620 958 1675 temen
983 1614 1024 1674 ita
1044 1615 1151 1676 ceteris

189 1704 339 1778 praestare
356 1716 407 1758 eos
423 1698 843 1777 putaverimutParisiuumet
850 1699 878 1760 ei
891 1697 1052 1776 prommos,
1064 1695 1151 1758 Rern·

188 1779 364 1859 bergensem
391 1789 420 1843 et
450 1780 666 1844 llelmstudium
694 1783 840 1861 priimum,
870 1800 905 1843 ex
936 1782 1041 1843 eodem
1071 1781 1150 1843 lonte

187 1865 351 1943 proiectos,
372 1867 398 1926 si
412 1883 470 1945 que
490 1872 540 1927 out
558 1864 762 1945 probabiliora
782 1882 915 1928 servasse
930 1872 981 1926 aut
995 1863 1032 1926 ab
1046 1864 1147 1926 arche·

188 1957 255 2026 typo
272 1949 396 2026 propius
409 1948 516 2010 obesse
529 1950 699 2018 uideantur,
720 1965 792 2026 prae
809 1946 869 2012 ulls
883 1948 1036 2027 negligere
1048 1947 1148 2011 nolim.

187 2029 284 2100 Quare
294 2045 364 2090 cum
378 2029 442 2092 eliis
457 2029 635 2108 quibusdam
649 2030 723 2092 locis
737 2038 799 2091 tum
807 2032 838 2090 in
849 2033 952 2110 priore
965 2039 1049 2110 purte
1062 2034 1150 2110 primi

190 2114 269 2186 ibri,
290 2112 343 2176 ubi
358 2114 390 2174 in
410 2112 570 2176 verborum
591 2113 785 2176 collocatione
802 2114 952 2176 bledioeus
972 2115 1014 2176 sio
1037 2115 1150 2192 aliquo·

188 2201 297 2261 tiensu
320 2197 443 2275 reliquis
469 2197 608 2269 discedit,
631 2206 663 2259 ut
680 2195 803 2259 dubium
825 2215 889 2259 esse
911 2199 1019 2276 possit,
1050 2206 1149 2258 uuum

186 2284 366 2360 scripturam
382 2283 533 2359 antiquam
547 2282 715 2352 servaverit,
731 2297 769 2342 tn
783 2299 800 2342 e
815 2281 902 2342 docto
919 2280 1017 2360 aliquo
1031 2283 1095 2342 viro
1113 2285 1150 2343 sit

186 2365 372 2436 emendatus,
396 2363 463 2426 illos
483 2366 582 2444 potius
606 2383 695 2444 quam
715 2365 796 2426 hunc
818 2372 937 2426 secutus
957 2383 1031 2426 sum.
1062 2365 1098 2426 m
1118 2368 1149 2426 in

186 2450 241 2510 hac
262 2449 382 2528 quidem
399 2468 433 2511 re
453 2449 532 2512 idem
552 2451 641 2511 sentit
662 2449 697 2511 Η.
714 2449 895 2526 Heerwagen
915 2447 1005 2519 V.D.,
1022 2451 1149 2528 quinon
1257 2529 1258 2534 ἵ

185 2533 282 2596 solum
299 2533 384 2596 editis
399 2532 484 2596 libris
498 2533 608 2613 optime
623 2533 750 2596 debitio
765 2535 882 2602 meruit,
897 2532 951 2594 sed
968 2534 1058 2594 etism
1074 2532 1149 2594 mul·

185 2619 222 2678 tis
245 2617 502 2679 observationibus
524 2617 702 2688 utilissime,
728 2634 803 2695 quus
828 2633 882 2695 per
904 2615 1006 2679 literas
1030 2633 1148 2678 mecum

186 2702 425 2773 communicavit,
442 2707 471 2762 et
486 2718 544 2778 qua
560 2707 604 2763 est
621 2699 796 2763 liberalitate
812 2701 843 2761 in
856 2716 943 2762 usum
960 2718 1059 2762 meum
1076 2717 1148 2761 con·

187 2791 301 2847 uertere
319 2787 467 2864 permisit,
486 2784 581 2846 eurota
601 2803 667 2847 mea
693 2791 722 2846 et
741 2784 875 2847 exctuvtt
897 2791 927 2844 et
948 2783 1026 2844 hanc
1045 2801 1147 2844 curem

157 2900 161 2906 ·
185 2868 346 2948 plurimum
361 2869 484 2936 cliuum
508 2885 586 2945 quae
603 2877 637 2930 ut
658 2870 760 2946 aequis
778 2865 927 2928 iudicibus
942 2885 1003 2929 uon
1023 2883 1147 2945 prorsus

185 2951 370 3031 improbetur
384 2969 507 3030 remque
532 2951 602 3013 olim
624 2953 786 3014 institutam
807 2950 904 3028 aliqua
920 2969 956 3012 ex
975 2958 1059 3029 parte
1077 2968 1146 3030 pro-

185 3037 309 3130 morisse
324 3037 457 3098 videatur
474 3039 600 3098 maxime
619 3043 735 3115 exopto.

246 3171 278 3232 D.
296 3168 409 3233 iseuaci
426 3177 531 3232 mense
544 3167 647 3231 llartio
664 3188 689 3231 a.
707 3165 903 3234 leCCCLlX.

713 3341 774 3411 W.
800 3337 1075 3411 Weissenborn.
