2548 3954
233 233 273 296 36
375 245 470 288 ursus
486 245 508 287 1.
542 237 731 293 cnr-3233.
764 231 804 306 [an
819 249 848 289 n.
865 249 891 291 c.
912 230 1039 308 tlt-138]

232 394 329 456 duello
342 394 524 472 quaerendas
537 413 654 466 censeo,
669 397 767 473 itaque
779 398 930 458 consentio
943 399 1183 476 consensuquer‘

231 479 300 540 iude
318 479 422 540 ordine
439 479 488 540 alii
503 478 692 558 rogabantur,
708 479 884 558 quandoque
894 496 964 559 pars
975 482 1068 544 maior
1081 499 1183 543 eorum

233 563 284 640 qui
304 561 426 622 aderant
449 564 479 623 in
495 563 619 624 eandem
633 563 807 624 sententiam
822 561 892 634 ibat,
908 562 1020 625 bellum
1036 573 1099 626 erat
1113 584 1184 626 con·

232 662 360 707 sensnm.
376 646 442 706 lieri
457 645 589 716 solitum,
605 653 638 706 nt
651 645 757 706 fetialis
772 646 886 708 hastam
900 648 1041 708 ferratam
1055 657 1104 710 aut
1117 667 1182 710 san·

233 730 368 808 guineam
390 736 559 807 praeustam
578 729 615 790 ad
635 729 709 790 lines
722 747 826 791 eorum
841 731 948 801 ierret,
970 738 999 792 et
1012 749 1073 792 non
1087 734 1185 792 minus

185 821 215 876 ta
232 812 326 874 tribus
342 807 505 892 puberibus
521 813 726 894 praesentibus
742 812 869 876 diceret:
889 815 988 891 „quod
1005 815 1107 894 populi
1119 815 1185 876 Pri·

233 912 351 957 scorum
366 896 536 958 latinorum
550 896 849 974 hominesque-Prisci
864 897 960 958 Latini
975 899 1114 960 adversus
1131 916 1184 977 po·

232 975 334 1058 pulum
348 979 511 1041 Itomanum
524 977 681 1050 Quiritium
693 981 827 1041 iecerunt
840 980 1036 1058 deliquerunt,
1044 983 1184 1060 qnodpo·

233 1062 319 1140 pulus
334 1062 484 1125 Romanus
498 1059 655 1133 Quiritium
669 1062 780 1123 bellum
794 1081 862 1124 cum
878 1064 987 1126 Priscis
1000 1063 1109 1127 Latinis
1123 1067 1184 1125 ius·

232 1148 271 1206 sit
284 1165 359 1216 esse,
374 1155 550 1225 senatusque
563 1146 666 1228 populi
679 1145 804 1206 Ilomani
816 1144 973 1216 Quiritium
988 1149 1101 1209 censuit
1112 1166 1184 1209 con·

232 1230 495 1301 sensiteonsoiu‘t,
514 1238 548 1291 ut
561 1228 672 1292 bellum
687 1247 754 1290 oum
772 1229 881 1291 Priscis
901 1231 1010 1292 Latinis
1025 1231 1122 1299 fieret,
1145 1230 1183 1291 oh

234 1331 298 1375 eam
315 1332 379 1376 rem
398 1331 451 1392 ego
467 1313 651 1394 populusque
662 1311 810 1374 Romanus
821 1313 938 1391 populis
949 1313 1117 1374 Priscorum
1129 1313 1183 1374 La·

232 1397 363 1457 tinorum
383 1397 612 1474 hominibusque
633 1396 741 1458 Priscis
760 1395 871 1458 Latinis
891 1396 1001 1458 bellum
1020 1397 1118 1458 indico
1142 1397 1184 1458 t'a·

233 1479 370 1557 cioque.“
392 1479 422 1540 id
438 1479 489 1539 ubi
505 1479 634 1549 dlxisset,
650 1478 763 1541 hastam
778 1480 810 1540 in
825 1480 898 1542 flues
910 1497 1012 1542 eorum
1024 1479 1183 1542 emittebat

185 1574 216 1627 14
232 1561 290 1640 laoc
302 1569 364 1624 tum
375 1561 462 1622 modo
476 1560 513 1623 ab
527 1561 637 1624 Latinis
648 1563 850 1642 repetitaeres
861 1581 896 1624 ac
905 1562 1017 1625 bellum
1027 1564 1183 1633 indictum:

232 1663 406 1724 moremque
424 1663 491 1706 eum
504 1648 616 1726 posteri
630 1653 818 1726 acceperunt.

203 1745 213 1795 t
292 1727 421 1790 XXXIII.
449 1730 547 1791 Ancus
567 1729 739 1791 demandata
763 1745 834 1790 ema
849 1746 1000 1791 sacrorum
1017 1729 1185 1792 llamInibus

232 1812 494 1891 sacerdotibusque
517 1812 582 1874 aliis
604 1815 735 1875 exercitu
755 1830 832 1874 novo
851 1815 1019 1892 conscripto
1032 1812 1184 1893 proiectus

202 1900 204 1904 ’
234 1895 408 1958 PoIItorium
422 1895 528 1958 urbem
544 1895 714 1958 Latinorum
730 1897 758 1956 vi
772 1897 859 1976 cepit,
877 1903 1053 1975 secutusque
1069 1915 1184 1958 morem

232 1997 337 2058 rogum
350 1983 500 2060 priorum,
526 1983 577 2058 qui
592 1998 656 2042 rem
670 1980 832 2042 Romanam
846 1988 988 2042 auxerant
1001 1979 1136 2042 hostibus
1152 1982 1184 2042 in

232 2065 378 2124 civitatem
394 2064 588 2143 accipiendis,
606 2063 820 2125 multitudinem
847 2081 964 2124 omnem
984 2063 1107 2126 Ilornam
1123 2072 1183 2125 tra·

233 2144 323 2208 duxit.
358 2153 387 2208 et
407 2165 475 2207 cum
489 2149 568 2208 circa
590 2145 747 2216 Palatium,
768 2147 868 2209 sedem
889 2154 1023 2209 veterum
1036 2146 1183 2208 Romano·
1272 2219 1273 2230 χ

231 2246 313 2298 rum,
338 2229 440 2291 Sabini
461 2227 635 2308 Capitolium
655 2238 742 2308 atque
766 2247 879 2300 arcem,
902 2229 1032 2292 Caelium
1052 2237 1183 2292 montem
1272 2241 1273 2279 t

230 2310 336 2372 Albani
359 2311 537 2391 inplessem,
563 2313 737 2374 Aventinum
757 2331 851 2376 novae
872 2311 1052 2376 multitudinl
1074 2313 1182 2375 datum.

230 2394 321 2455 additi
350 2395 455 2457 eodem
481 2395 561 2458 haud
584 2397 624 2457 ita
652 2394 743 2457 multo
770 2404 838 2476 post
862 2395 992 2459 Tellenis
1016 2397 1183 2475 Ficanaque

196 2488 213 2542 't
231 2479 323 2559 captis
337 2481 406 2540 novi
420 2481 507 2542 cives.
536 2479 710 2541 Politorlnm
723 2479 793 2541 inde
808 2497 912 2542 rursus
924 2479 1004 2542 bello
1016 2482 1183 2560 repetItum,

231 2560 309 2640 quod
324 2580 448 2624 vacuum
463 2569 678 2643 occupaverant
691 2563 786 2625 Prisci
801 2563 906 2624 Latini.
927 2580 1020 2642 eaque
1038 2580 1125 2625 cansa
1137 2563 1183 2624 di·

230 2646 361 2708 ruendae
381 2644 465 2708 urbis
480 2648 544 2708 eius
558 2647 614 2708 fuit
627 2645 782 2716 Romanis,
803 2664 841 2709 ne
856 2647 985 2708 bostium
1001 2664 1118 2726 semper
1134 2665 1183 2708 re·
1271 2681 1272 2684 =

196 2740 213 2791 4
230 2727 415 2807 eeptaculum
431 2737 516 2792 esset
538 2737 688 2809 postremo
705 2732 786 2791 omni
799 2729 878 2792 bello
897 2729 999 2790 Latino
1014 2728 1183 2791 Medulliam

230 2811 372 2891 conpulso
381 2809 562 2889 aliquamdiu
572 2809 613 2872 ibi
621 2813 713 2875 Marte
728 2813 842 2875 incerto
850 2814 930 2874 rarla
940 2811 1058 2874 nonna
1067 2828 1182 2890 pugna·

229 2902 291 2955 tum
308 2902 365 2956 est:
386 2911 454 2956 nam
474 2902 504 2957 et
523 2894 597 2957 urbs
612 2902 673 2956 tuta
687 2895 898 2958 munitionibus
911 2893 1117 2976 praesIdloque
1131 2895 1183 2956 ttr-

230 2984 305 3038 mata
327 2977 421 3039 valido
445 2985 521 3049 erat,
542 2986 572 3041 et
591 2980 694 3040 castris
710 2979 742 3040 in
762 2987 864 3059 aperto
884 2981 988 3059 positis
1006 2976 1182 3059 aliquotiens

230 3063 377 3126 exercitus
385 3061 504 3125 Latinus
516 3064 680 3124 comminus
693 3081 761 3126 cum
768 3064 907 3126 Romanis
917 3062 1180 3142 signaccntulerat.

195 3165 211 3216 n
229 3146 266 3208 ad
284 3145 419 3208 ultimum
444 3143 580 3208 omnibus
605 3147 699 3224 copiis
719 3149 837 3209 conisus
856 3147 954 3209 ductu
976 3148 1039 3209 acie
1053 3149 1182 3227 primum
1270 3141 1271 3160 ¹

229 3231 326 3302 vincit,
342 3231 412 3292 iude
427 3229 542 3308 ingenti
557 3229 666 3311 praeda
680 3237 787 3309 potens
796 3231 921 3293 Romam
933 3231 1019 3302 redit,
1033 3238 1096 3292 tum
1107 3247 1181 3308 quo·

229 3329 287 3390 que
305 3313 405 3375 multis
423 3312 543 3376 milibus
562 3311 734 3376 Latinorum
748 3315 780 3377 ln
795 3315 940 3377 civitatem
957 3316 1099 3395 acceptls,
1117 3317 1181 3392 qui·

229 3394 300 3467 bus,
321 3404 355 3457 nt
375 3399 548 3474 tangeretur
562 3395 673 3460 Palatio
692 3397 882 3470 Aventinum,
900 3398 936 3460 ad
950 3399 1082 3460 Murciae
1096 3396 1180 3459 datae

195 3495 212 3542 e
228 3479 323 3542 sedes.
356 3478 517 3541 lanIculum
533 3497 652 3560 quoque
667 3481 822 3550 adlectum.
841 3498 901 3544 non
918 3483 1021 3562 Inopia
1031 3479 1107 3552 loci,
1127 3479 1179 3544 sed
