2522 3954
255 238 302 286 Du
321 238 392 285 'l'lTl
410 237 496 284 LIVII
517 237 599 285 VITA
615 237 661 284 ΕΤ
676 235 841 286 scutrum.
956 237 1025 284 xnt'

73 415 86 455 a
101 397 238 473 plerisque
246 391 304 470 3³⁰).
322 397 369 472 qui
383 405 446 454 ante
460 413 521 453 eum
534 395 675 452 historiam
690 395 835 452 Romanam
851 396 1023 471 scripserant,

72 480 255 556 superabatur,
272 488 449 555 praeparatus
463 486 491 538 et
505 480 675 543 exercitatus,
691 479 739 536 sed
753 495 785 535 en
799 477 1024 554 philosophorum

72 575 97 623 et
110 566 251 622 rhetorum
266 563 368 622 scholis
385 564 526 639 proiectus
544 564 576 620 ad
591 579 660 638 opus
673 561 861 620 difficillimum
877 579 1024 636 aggressus

72 659 117 706 est.
145 649 231 706 llultn
248 647 320 706 euim
336 665 404 722 quae
425 649 458 705 ml
474 656 595 706 veterum
612 654 766 722 temporum
791 654 818 704 et
836 647 1023 704 institutorum

72 732 187 791 rationes
202 748 350 806 rerumque
363 748 458 790 causas
470 731 673 806 perspiciendus
688 730 866 804 requiruntur
883 738 930 788 aut
944 731 1023 806 plane

72 817 224 891 ignorabat,
246 824 293 873 aut
313 832 369 874 non
388 817 455 874 satis
474 815 589 874 habebat
608 814 726 888 cognita.
755 814 795 870 lta
809 815 1024 889 antiquissimam

71 901 248 958 Romanorum
268 899 428 974 religionem
453 917 468 958 a
489 899 609 956 Varrone
634 897 797 956 illustratam
805 891 871 971 131),
904 901 1023 973 quamvis

70 1001 147 1058 saepe
157 991 186 1042 et
195 984 317 1041 studiose
325 1000 383 1041 eam
393 983 626 1047 commendaverit,
633 997 729 1057 parum
739 981 846 1039 videtur
853 991 1022 1058 perspectam

69 1067 201 1131 babuisse,
215 1084 304 1145 neque
319 1075 487 1143 quantopere
499 1067 660 1124 Graecorum
675 1066 845 1124 caerimoniis
859 1067 911 1124 iam
926 1067 1022 1142 priscis

69 1151 235 1226 temporibus
251 1151 375 1208 admixtis
391 1167 520 1209 conversa
538 1159 566 1207 et
579 1152 719 1208 immutata
735 1150 779 1213 sit,
795 1150 847 1206 etsi
862 1167 930 1225 quae
945 1151 964 1215 1,
979 1159 1021 1215 36.
1108 1167 1111 1174 ’

68 1243 152 1308 3sqq.
170 1235 294 1298 tradidit.
318 1251 377 1292 eum
400 1237 453 1294 lroc
469 1251 580 1292 monere
599 1235 741 1309 poterant,
763 1233 937 1298 intellexisse,
952 1251 1023 1291 eam·

68 1336 117 1392 que
134 1319 170 1376 ob
185 1335 293 1376 causam
308 1336 371 1376 cum
388 1319 439 1376 alia
455 1327 512 1376 tum
536 1318 622 1375 libros
638 1316 785 1392 Sibyllinos
799 1333 860 1374 esse
873 1316 1022 1375 translatos

66 1403 175 1494 bamam
189 1402 373 1477 praeteriisse.
403 1404 438 1462 be
454 1400 617 1476 reipublicae
633 1402 719 1458 lorma
740 1408 768 1457 et
788 1400 935 1465 institutis,
953 1419 1022 1476 qnae

66 1486 142 1543 mitio
157 1485 270 1550 luerint,
284 1503 393 1561 quoque
408 1487 489 1544 mollo
504 1485 605 1543 sensim
620 1485 676 1542 sint
691 1492 794 1542 mutata
809 1501 865 1541 non
881 1485 940 1543 sine
956 1503 1021 1544 cura

66 1571 189 1645 exponit.
209 1569 256 1626 sed
273 1569 404 1627 nonnulla
428 1570 461 1627 ab
482 1567 542 1626 aliis
563 1568 637 1626 velut
657 1569 813 1644 a'bionysio
831 1586 863 1626 er
884 1570 1021 1627 veteribus

65 1653 187 1710 lontibus
201 1652 282 1710 allata
307 1655 422 1718 omittit,
444 1653 496 1711 alia
519 1669 551 1710 es
568 1669 632 1710 suae
647 1653 744 1710 aetatis
765 1652 917 1710 rationibus
933 1655 1020 1711 miuus

64 1746 136 1794 recte
151 1739 284 1802 aestimat,
299 1737 414 1794 aliorum
429 1737 557 1813 origines,
572 1753 745 1811 progressus,
759 1735 845 1793 varias
859 1735 960 1794 formas
974 1747 1021 1794 aut

64 1837 117 1878 non
131 1829 257 1878 accurate
269 1820 383 1897 explicat
398 1830 444 1878 aut
458 1821 627 1896 gravioribus
639 1819 739 1883 causis,
751 1828 866 1894 propter
881 1839 948 1894 quas
964 1840 1021 1879 mu·

65 1913 118 1972 tata
132 1905 202 1969 sint.
224 1903 356 1980 neglectis
370 1905 486 1963 leviores
501 1905 579 1962 affert
593 1911 621 1962 et
635 1920 730 1978 parum
748 1901 921 1978 probabiles.
947 1903 1021 1962 velut

61 1995 154 2062 patres
176 1988 260 2062 prisci
280 1987 337 2047 aevi
357 1989 399 2046 sui
419 1989 550 2064 temporis
571 1988 677 2045 senatui
698 1997 725 2044 et
743 1985 892 2051 nobilitati,
915 1989 1020 2063 equites

62 2072 149 2128 ordini
164 2073 285 2146 equestri
299 2073 430 2146 aequauit,
446 2071 750 2148 plebem‘tribunosque
767 2070 856 2145 plebis
871 2087 1019 2147 eorumque

60 2157 191 2219 actiones,
211 2154 303 2230 quales
318 2165 458 2231 postremo
472 2157 512 2214 rei
526 2155 650 2230 publicae
666 2163 788 2229 tempore
803 2163 887 2218 orant,
904 2155 1019 2230 antiqni-

60 2248 104 2296 tus
125 2239 212 2296 luisse
228 2248 255 2296 et
272 2239 363 2297 eadem
378 2240 528 2314 iisdemque
542 2239 631 2297 causis
646 2246 783 2314 spectasse
797 2231 1019 2311 arbitratnr¹³²ls

59 2339 129 2396 quae
143 2323 218 2380 inter
238 2322 370 2398 populum
387 2333 419 2398 et
434 2333 556 2382 senatum
571 2331 599 2381 et
612 2322 788 2397 magistratus
804 2322 875 2380 ratio
889 2323 1019 2381 interces-

58 2407 127 2463 serit
147 2423 281 2481 nusquam
302 2416 425 2466 accurate
444 2409 532 2466 docet.
561 2407 601 2465 lta
619 2423 709 2464 veram
729 2407 851 2482 priorum
866 2416 1018 2482 temporum

56 2490 220 2566 priscaeque
236 2491 352 2548 civitatis
373 2491 517 2566 imaginem
543 2507 630 2565 neque
651 2491 740 2565 ipsum
767 2489 818 2547 sibi
839 2492 1019 2565 proposuisse

56 2589 147 2648 neque
166 2575 195 2631 in
210 2575 325 2632 bistoria
341 2577 508 2652 expressisse
522 2583 564 2634 est
577 2573 785 2632 concedendum.
810 2573 913 2630 Turbes
926 2573 1019 2632 civiles

56 2657 136 2714 etde
155 2657 264 2732 legibus
280 2659 469 2717 contentiones
483 2657 628 2735 plerasque
641 2657 782 2732 copiosius
804 2668 926 2722 enarrat,
943 2656 1018 2732 leges

55 2741 131 2814 ipsas
153 2758 301 2818 earumque
321 2760 416 2802 causas
434 2743 541 2802 brevius
558 2743 660 2817 tangit.
682 2738 748 2798 alias
770 2742 872 2799 omittit
889 2750 935 2799 aut
955 2759 1016 2799 sero

54 2835 260 2883 commemorat.
284 2825 322 2884 Ex
336 2821 433 2902 quibus
448 2827 572 2885 omnibns
588 2841 747 2901 quamquam
762 2825 833 2882 haud
847 2843 931 2900 pauca
945 2826 1017 2883 velut

54 2906 99 2963 ΧΠ
116 2909 232 2974 tabulas,
244 2910 452 2984 magistratuum
463 2912 591 2975 rationes,
607 2928 655 2968 sua
669 2917 756 2967 aetate
771 2909 889 2967 nondum
907 2912 934 2967 in
950 2909 1017 2968 obli·

124 3105 186 3170 130)
205 3109 335 3170 Siquidem
353 3123 432 3158 rerum
450 3119 485 3159 est
501 3109 562 3172 qnod
574 3110 667 3159 Sueten.
682 3109 711 3158 tle
723 3109 836 3159 rbetorib.
850 3123 872 3158 c.
885 3107 902 3158 ³
915 3109 1015 3164 tradidit

54 3171 80 3222 l..
95 3173 248 3225 Voltaeilium
269 3177 368 3226 Pilatum
390 3176 492 3240 primum
509 3177 582 3226 luisse
599 3177 747 3232 libertorum.
766 3177 805 3240 qui
820 3175 944 3225 historiam
955 3175 1016 3224 scri-

52 3239 113 3290 bere
124 3255 197 3292 orsus
210 3242 253 3300 sit,
273 3245 304 3292 ol.
319 3243 463 3294 lachmann.
476 3243 505 3301 11,
518 3241 562 3300 19;
581 3242 725 3292 llnusdorier
737 3243 888 3293 Commentis.
903 3243 931 3292 de
943 3243 1016 3292 sertis

52 3320 80 3356 sc
93 3307 200 3365 libertis.
214 3308 255 3374 qni
268 3317 290 3358 et
302 3308 363 3374 apud
374 3310 478 3360 Graecos
491 3317 513 3359 et
526 3311 585 3374 apud
598 3312 715 3360 Romanos
727 3309 848 3358 doctrinae
861 3309 928 3360 larrde
941 3310 1016 3359 excel·

52 3372 148 3425 luerunt
160 3391 185 3438 p.
199 3373 229 3432 Bt
241 3377 376 3426 llommseu.
391 3377 419 3425 ll.
432 3378 459 3426 ll.
472 3376 501 3435 ll,
513 3377 575 3435 4543
592 3377 632 3434 ΙΙΙ,
644 3373 702 3425 aba.

123 3439 185 3502 131)
204 3441 254 3492 lid.
267 3443 353 3494 llerlrel
366 3443 395 3492 de
406 3444 514 3493 obscuris
526 3445 604 3495 Ovidii
617 3445 728 3493 iustorum
741 3459 764 3506 p.
778 3443 823 3492 Clll
837 3458 887 3508 sqq.

122 3506 183 3567 132)
202 3509 299 3560 Lachm.
313 3511 330 3567 1,
346 3507 404 3566 106;
417 3510 551 3573 Schwegler
563 3512 580 3569 l,
595 3509 655 3568 1083
668 3511 696 3567 ll,
712 3507 741 3558 ll
754 3525 805 3574 sqq.

1065 3029 1087 3056 Ι
