2572 3956
214 213 255 275 64
404 223 500 263 bruun
518 223 551 262 11.
578 219 649 262 oar.
667 213 693 264 1.
710 211 736 262 2.
766 207 806 274 [a.
821 221 851 262 u.
869 223 894 260 c.
910 206 974 265 aas}

181 374 308 435 tsisset.
338 370 409 448 quid
425 371 504 432 enirn
517 368 730 437 iuturumfuit,
752 366 840 428 slilla
856 373 1164 447 pastorumconvena·
1276 340 1283 404 l

214 471 340 532 rumque
365 451 466 531 plebs,
480 451 631 529 transluga
655 469 691 512 er
705 452 766 511 suis
779 449 911 530 populis,
934 449 989 511 sub
1009 450 1099 512 tutela
1121 453 1165 512 in-
1277 460 1280 527 ζ

215 537 313 598 noran
326 535 428 614 templi
442 543 492 596 aut
506 534 672 596 libertatem
686 541 736 594 aut
751 541 831 595 certe
843 534 1035 612 inpunitatem
1051 534 1163 613 adepta,
1277 530 1281 614 ἶ

181 633 198 683 o
215 621 309 683 soluta
325 621 408 699 regio
425 626 527 694 metu„
541 619 645 694 agitari
661 624 764 696 coepta
779 624 856 679 esset
869 616 1035 678 tribuniciis
1050 616 1166 696 procel-

214 703 252 766 bs
275 711 305 765 et
336 705 368 764 in
391 701 487 764 aliena
512 699 588 762 urbe
615 718 682 760 oum
712 699 845 779 patribus
871 717 972 762 serere
998 703 1165 772 certamina,

215 789 388 868 priusquam
403 787 526 864 pignera
543 785 702 860 coniugum
716 802 750 844 ae
767 782 930 845 liberorum
946 785 1111 860 caritasque
1122 786 1167 862 ip·

215 873 277 933 sius
299 867 369 939 soli,
390 870 437 929 cui
456 867 545 945 longo
562 874 697 944 tempore
715 867 912 937 adsuescitur,
936 868 1050 928 animos
1065 885 1167 928 eorum

181 952 430 1019 oconsociasseti
464 951 620 1029 dissipatae
647 969 696 1012 res
721 949 854 1012 nondum
879 948 995 1010 adultae
1021 951 1167 1012 discordia
1282 993 1283 1022 p

215 1039 329 1105 forent;
357 1052 429 1113 quas
449 1035 520 1096 fovit
546 1032 703 1110 tranquilla
724 1034 886 1096 moderatio
913 1034 1045 1112 imperii,
1074 1051 1168 1110 eoque
1282 1029 1283 1060 ³

215 1120 373 1182 nutriendo
393 1118 543 1198 perduxit,
571 1124 603 1178 ut
622 1116 732 1178 bonam
754 1117 870 1195 frugem
889 1111 1033 1178 libertatis
1047 1119 1169 1178 maturis
1282 1127 1283 1132 ’

182 1206 274 1266 riam
296 1202 407 1264 viribus
428 1203 508 1263 lerre
526 1208 635 1279 posset.
670 1199 813 1262 libertatis
827 1208 924 1261 autem
939 1202 1085 1277 originem
1099 1201 1168 1262 inde

215 1289 324 1366 magis,
352 1287 421 1364 qnia
449 1303 581 1347 aunuum
604 1285 762 1364 imperium
793 1283 949 1348 consulare
978 1283 1087 1344 iactum
1116 1291 1168 1354 est

217 1389 305 1448 quam
326 1370 406 1448 quod
427 1369 611 1431 deurinuturn
632 1370 789 1446 quicquam
811 1369 848 1428 sit
869 1386 905 1429 er
920 1368 1002 1445 regia
1016 1373 1168 1445 potestate.

181 1463 369 1516 onumeres:
391 1455 490 1513 omnia
513 1455 593 1521 iura,
611 1453 710 1513 oruuia
730 1453 857 1530 insignia
873 1452 963 1529 prbni
978 1449 1114 1512 consules
1127 1458 1168 1512 te·

216 1555 325 1605 nuere;
349 1535 379 1596 id
399 1536 487 1596 ruodo
510 1541 627 1595 cautum
644 1542 696 1606 est,
713 1553 751 1596 ne
766 1537 792 1596 si
805 1533 892 1595 ambo
910 1535 1004 1610 fasces
1016 1533 1168 1604 baberent,

216 1619 381 1699 duplicatus
396 1626 494 1680 terror
509 1618 667 1680 videretur.
695 1617 805 1680 Brutus
815 1619 898 1697 prior
912 1618 1093 1680 concedente
1109 1615 1169 1678 ool·
1282 1633 1283 1672 t

215 1702 282 1780 lega
296 1703 393 1764 iasoes
405 1700 516 1772 babuit,
537 1702 588 1778 qui
603 1718 663 1761 non
679 1703 777 1762 aerior
791 1702 897 1764 vindex
907 1701 1051 1763 libertatis
1064 1702 1168 1771 iuerat,
1282 1731 1283 1760 1

181 1792 199 1846 9
216 1804 305 1864 quam
326 1786 433 1848 deinde
456 1792 555 1846 custos
569 1785 632 1845 luit.
660 1778 794 1845 omniurn
804 1786 933 1864 primum
947 1785 1062 1845 avidum
1077 1801 1170 1846 novae
1282 1781 1283 1860 l

206 1868 360 1932 libertatis
374 1868 531 1949 populum,
550 1885 588 1936 ne
604 1868 790 1947 postmodum
805 1867 884 1928 flecti
899 1865 1038 1947 precibus
1052 1874 1101 1927 aut
1117 1867 1170 1928 do·
1282 1935 1283 1958 χ

216 1955 264 2015 nis
284 1954 374 2032 regiis
393 1960 508 2032 posset,
538 1953 604 2014 iure
626 1952 751 2013 iurando
774 1952 871 2029 adegit
890 1953 1040 2015 nemiuem
1058 1949 1170 2012 Romae

169 2037 199 2090 1⁰
216 2055 356 2117 passuros
371 2054 506 2114 regnare.
536 2035 651 2106 deiude,
670 2052 729 2112 quo
743 2033 810 2113 plus
824 2035 930 2095 virium
945 2035 977 2094 in
993 2041 1096 2096 senatu
1110 2034 1169 2095 ire-

217 2122 335 2199 quentia
357 2121 445 2182 etiarn
468 2119 580 2180 ordinis
595 2119 720 2188 iaceret,
739 2117 878 2179 caedibus
892 2118 971 2196 regis
987 2118 1170 2179 deminutum

216 2212 333 2283 patrum
353 2219 509 2264 numerum
529 2200 710 2279 primoribus
733 2202 877 2280 equestris
902 2201 1010 2280 gradru
1027 2199 1111 2264 lectis
1133 2199 1171 2262 ad

168 2289 197 2340 ll
215 2294 416 2348 trecentorum
437 2302 581 2346 summam
601 2283 735 2362 explerit
766 2284 964 2362 traditumque
979 2284 1050 2347 inde
1065 2285 1170 2355 fertur,

215 2376 248 2429 ut
267 2370 298 2429 in
319 2376 453 2430 senatum
475 2373 651 2428 vocarentur
672 2371 723 2446 qui
747 2376 847 2447 patres
870 2371 980 2447 quique
1010 2369 1171 2447 conscripti

216 2459 330 2514 essent:
354 2452 538 2530 conscriptos
559 2450 695 2512 videlicet
713 2454 745 2512 iu
762 2470 870 2513 novum
891 2460 1024 2513 senatum
1038 2451 1169 2531 appella·

215 2534 287 2596 baut
306 2535 408 2597 lectos.
439 2535 470 2595 id
490 2535 598 2596 mirum
620 2543 760 2612 quantum
781 2536 892 2615 proluit
918 2535 955 2596 ad
980 2535 1168 2596 concordiam

216 2620 340 2680 civitatis
355 2619 577 2698 iungendosque
593 2618 728 2697 patribus
742 2617 837 2698 plebis
852 2621 973 2680 animos.

185 2710 197 2760 1
278 2701 313 2762 ll.
348 2701 459 2763 Rerum
488 2702 594 2763 deinde
623 2703 785 2763 divinarum
810 2701 908 2763 hahita
931 2719 1015 2770 cura;
1044 2710 1073 2762 et
1099 2704 1169 2778 qula

217 2781 361 2861 quaedam
377 2784 495 2864 publiea
510 2803 593 2846 saera
605 2803 659 2864 per
675 2787 756 2863 ipsos
766 2803 852 2864 reges
864 2785 991 2846 iactituta
1005 2791 1098 2853 eraut,
1114 2801 1170 2846 ue·

217 2865 287 2928 cubi
301 2885 405 2945 regum
424 2866 603 2928 desiderium
619 2875 705 2940 esset,
725 2885 827 2946 regem
844 2867 1041 2930 sacriflctdum
1056 2875 1168 2928 creant

115 2954 124 2970 “
182 2959 199 3008 2
216 2950 246 3010 id
263 2951 458 3012 sacerdotium
474 2951 606 3028 pontifici
620 2950 783 3021 subiecere,
798 2970 837 3012 ue
854 2953 967 3013 additus
981 2952 1095 3011 nomini
1114 2949 1170 3011 bo·

216 3051 273 3096 uos
286 3033 396 3112 aliquid
412 3033 549 3103 libertati,
566 3035 649 3096 cuius
662 3041 733 3095 tuuc
747 3035 842 3113 prima
857 3043 920 3096 erat
930 3053 1011 3104 cura,
1026 3035 1169 3095 officeret

217 3135 251 3178 ao
270 3120 371 3180 nescio
393 3136 430 3180 an
450 3118 539 3179 nimis
557 3119 688 3196 trudique
712 3137 778 3180 earu
796 3121 985 3198 minimisque
999 3118 1090 3180 rebus
1104 3135 1171 3178 mu·
1282 3117 1283 3200 l

183 3202 325 3264 oriendo
340 3203 458 3264 modum
474 3205 662 3264 excesserint.
693 3201 822 3264 consulis
845 3205 923 3264 enim
942 3201 1078 3272 alterius,
1101 3218 1170 3262 oum
1282 3201 1283 3264 Ῐ

216 3283 290 3344 nibil
304 3283 382 3346 aliud
398 3286 562 3356 offenderit,
574 3304 684 3348 nomen
697 3287 823 3346 invisum
838 3287 944 3346 civitati
959 3285 1028 3346 luit:
1045 3285 1170 3344 nimium

215 3365 391 3442 'larqrriuios
415 3387 508 3446 regno
534 3369 681 3432 adsuesse.
727 3371 844 3429 initium
869 3388 885 3429 a
912 3369 1015 3429 Prisco
1042 3367 1169 3434 iactum:

215 3464 354 3527 regnasse
374 3451 442 3512 dein
464 3453 528 3514 Ser.
549 3453 692 3522 'lulbum;
718 3470 756 3512 ue
777 3449 930 3512 intervallo
951 3452 1071 3528 quidem
1089 3450 1169 3512 laeto
