2580 3954
309 230 405 271 orosa
420 228 468 270 111.
499 227 569 270 cnr.
585 221 629 273 50.
646 220 688 272 51.
717 208 757 287 [a.
774 208 808 270 0.
824 206 887 289 4501
1017 215 1077 278 173

118 386 195 440 rent.
235 377 309 444 haec
330 378 470 455 Verginio
496 377 670 440 vociferanti
692 347 891 438 succlamabat
911 375 1076 447 multitudo,
1096 385 1129 438 10

119 481 175 524 neo
192 461 271 522 illius
282 459 378 522 dolori
396 479 452 522 nec
464 478 534 523 suae
546 459 676 523 libertati
687 480 719 523 se
735 461 897 524 defuturos.
923 469 954 522 et
963 461 1078 522 inmixti

117 545 222 606 turbae
237 543 361 606 militum
382 546 473 622 togati
489 563 558 606 cum
572 545 676 607 eadem
695 545 744 606 illa
760 543 1077 622 querendodocendo·

117 647 192 706 quo,
208 636 318 706 quanto
332 629 393 690 visa
409 645 497 706 quam
515 629 612 690 audiar
626 629 793 708 indigniora
809 630 961 708 potuerint
973 628 1076 698 videri,

117 712 203 774 simul
221 711 407 791 profligatam
424 715 483 774 iam
497 731 561 774 rem
582 714 744 775 nuntiando
760 713 872 774 Romae
894 731 975 782 esse,
999 713 1077 773 inse·
1098 721 1127 773 ll

117 806 270 873 culosque,
283 797 333 873 qui
344 798 470 875 Appium
481 814 576 875 prope
585 798 795 875 interemptum
805 798 837 857 in
850 796 969 858 exilium
981 795 1077 858 abisse

117 881 266 950 dicerent,
288 879 498 958 perpulerunt,
521 889 554 941 ut
570 881 606 940 ad
622 898 703 944 arma
720 879 969 950 conclamaretur,
989 878 1076 941 rolle-

116 973 244 1041 rcntque
264 966 347 1041 signa
365 965 531 1026 othomam
553 965 823 1042 proficiscerentur.
857 964 1016 1025 decemuri
1038 964 1077 1025 si·
1098 969 1129 1017 12

116 1046 179 1108 mul
192 1047 263 1118 his,
277 1065 353 1125 quae
366 1047 519 1118 ridebant,
545 1050 654 1125 iisque,
676 1067 751 1127 quae
767 1056 831 1108 acta
846 1048 957 1109 Romae
976 1048 1076 1109 audie·

116 1139 185 1193 rant
204 1129 369 1210 perturbati
390 1131 464 1192 alius
486 1133 516 1192 in
539 1131 625 1192 aliam
645 1140 760 1212 partem
782 1139 948 1192 castrorum
970 1132 1006 1191 ad
1030 1150 1076 1192 se·

117 1215 230 1275 dandos
245 1221 341 1275 molus
353 1215 532 1276 discurrunt.
564 1223 593 1276 et
606 1214 718 1276 leniter·
728 1215 882 1293 agentibus
899 1232 1075 1292 responsum

117 1316 178 1359 non
194 1298 344 1366 redditum
368 1295 526 1377 imperiurir
544 1301 569 1360 si
585 1301 651 1376 quis
665 1298 829 1368 inhiberet,
847 1305 876 1360 et
889 1301 968 1358 viros
986 1306 1016 1359 et
1028 1315 1076 1358 ar-

117 1389 210 1442 matos
233 1400 266 1444 se
289 1401 354 1444 esse
374 1381 580 1460 respondetur.
618 1391 689 1444 cunt
714 1384 831 1460 agmine
857 1383 893 1442 ad
921 1379 1026 1444 urbem
1048 1389 1077 1443 et
1097 1389 1127 1442 13

116 1467 291 1527 Aventinum
312 1466 460 1536 insidunt,
482 1472 515 1526 ut
533 1469 658 1545 quisque
685 1474 872 1537 occurrerat,
897 1464 1016 1544 plebem
1039 1466 1076 1526 ad

115 1548 308 1627 repetendam
319 1549 485 1611 libertatem
497 1549 699 1627 creandosque
714 1548 956 1628 tribunusplebis
967 1548 1074 1610 adhor-

116 1640 220 1694 tantes.
259 1632 315 1692 alia
336 1651 391 1693 vox
414 1632 494 1693 nulla
515 1633 641 1694 violenta
665 1633 762 1694 audita
786 1642 839 1694 est
871 1639 1004 1694 senatum
1023 1633 1074 1710 Sp.

116 1714 231 1794 oppius
252 1715 349 1777 habet.
386 1715 461 1776 nihil
484 1715 581 1794 placet
605 1735 710 1796 aspere
730 1719 790 1795 agi:
813 1719 923 1795 quippe
944 1715 980 1776 ah
1003 1717 1075 1794 ipsis
1095 1725 1126 1776 14

118 1799 216 1860 datum
230 1799 328 1860 locum
346 1800 498 1862 seditionis
512 1818 587 1861 esse.
615 1802 769 1862 mittuntur
786 1808 847 1860 tres
862 1799 950 1878 legati
968 1816 1074 1860 consu·
1095 1811 1126 1862 lo

116 1881 210 1954 lares,
227 1883 277 1962 Sp.
294 1884 438 1962 Tarpeius
454 1883 485 1944 C.
500 1882 590 1943 lulius
605 1883 636 1945 P.
655 1883 818 1962 Sulpicius,
835 1885 885 1962 qui
897 1891 1075 1960 quaererent

116 1974 235 2028 senatus
248 1966 363 2037 verbis,
388 1969 471 2027 ouius
491 1968 573 2028 iussu
588 1975 683 2027 castra
700 1967 913 2038 deseruissent,
939 1973 989 2027 aut
1003 1966 1074 2044 quid

115 2049 173 2111 sihi
195 2050 318 2122 vellent,
341 2053 390 2127 qui
410 2052 516 2110 armati
531 2050 706 2111 Aventinum
729 2049 914 2112 obsedissent
934 2049 1074 2127 belloque

116 2152 218 2195 averso
241 2133 277 2195 ab
304 2134 438 2195 hostibus
459 2136 582 2212 patriam
608 2152 691 2195 suam
711 2135 868 2214 cepissent.
902 2153 963 2194 non
983 2135 1075 2196 deluit
1093 2143 1125 2194 lo

116 2219 187 2294 quid
207 2218 454 2297 responderetur,
480 2218 644 2295 deeratqui
668 2219 752 2280 daret
771 2235 964 2296 responsum,
991 2217 1073 2278 nullo

115 2302 185 2362 dum
209 2310 291 2364 certo
314 2302 404 2371 duce,
434 2319 490 2362 neo
511 2303 580 2362 satis
607 2301 782 2362 audentibus
803 2301 926 2380 singulis
947 2302 1073 2363 invidiae

115 2405 147 2446 se
170 2385 286 2448 olferre.
321 2385 352 2446 id
369 2385 457 2446 modo
482 2403 497 2444 a
518 2385 704 2446 multitudine
725 2384 938 2446 conclamatum
963 2393 1021 2456 est,
1042 2397 1072 2444 ut

115 2469 146 2530 t.
163 2469 312 2530 Valerium
330 2478 359 2531 et
373 2469 411 2529 M.
427 2467 582 2530 Horatium
601 2469 638 2529 ad
655 2487 687 2530 se
709 2470 873 2530 mitterent:
899 2470 978 2529 iisse
991 2468 1072 2529 datu·

115 2570 165 2612 ros
179 2570 365 2630 responsum.

174 2635 221 2696 Ll.
254 2636 388 2698 Dimissis
406 2637 510 2714 legatis
524 2635 663 2696 admonet
679 2633 787 2696 milites
801 2635 972 2712 Verginius,
993 2635 1025 2694 in
1038 2653 1073 2697 re
1093 2650 1106 2700 l

116 2738 176 2782 non
191 2721 317 2780 maxima
332 2719 421 2798 paulo
437 2727 505 2780 ante
518 2719 698 2796 trepidatum
717 2737 792 2789 esse,
808 2720 876 2797 quia
891 2719 956 2779 sine
977 2720 1073 2797 capite

114 2802 270 2865 multitudo
290 2804 410 2874 luerint,
427 2800 672 2881 responsumque,
692 2819 869 2880 quamquam
884 2819 944 2862 non
961 2801 1072 2863 inutili·

115 2898 169 2956 ter,
182 2887 301 2948 fortuito
313 2893 412 2948 tamen
423 2887 518 2964 magis
530 2903 676 2948 consensu
688 2903 776 2963 quam
788 2887 938 2948 communi
948 2885 1072 2948 consilio

115 2989 190 3031 esse.
222 2969 342 3046 placere
357 2971 461 3032 decem
478 2971 589 3040 creari,
615 2973 665 3048 qui
682 2987 813 3031 summae
830 2972 875 3031 rei
891 2976 1071 3048 praeessent,
1090 2991 1107 3040 2

114 3052 295 3129 militarique
316 3053 431 3114 honore
452 3052 589 3114 tribunos
610 3053 735 3120 militum
758 3052 917 3131 appellare.
949 3071 1016 3114 oum
1036 3053 1073 3112 ad
1090 3069 1107 3120 3

116 3154 184 3200 cum
198 3137 297 3214 ipsum
310 3138 440 3214 primum
456 3138 482 3198 is
496 3136 592 3198 honos
604 3138 779 3207 deferretur,
794 3135 988 3207 „melioribus
999 3137 1073 3197 meis

113 3221 279 3296 vestrisque
302 3218 393 3280 rebus
411 3228 579 3281 reservate“
603 3223 701 3299 inquit
722 3222 797 3290 „ista
818 3221 855 3282 de
876 3237 924 3280 me
947 3218 1107 3288 iudicium

114 3321 171 3364 uec
195 3303 268 3364 mihi
289 3303 347 3364 lilia
366 3303 458 3364 inulta
472 3303 618 3366 honorem
632 3304 725 3364 ullum
738 3304 900 3365 iucundum
915 3322 980 3364 esse
998 3303 1073 3381 pati·

115 3398 180 3456 tur,
202 3405 259 3450 nec
280 3390 312 3448 in
333 3386 504 3467 perturbata
525 3387 696 3481 republica
720 3405 771 3450 eos
787 3387 858 3450 utile
874 3395 918 3448 est
934 3405 1074 3466 praeesse

116 3468 218 3541 robis,
241 3474 292 3550 qui
312 3472 441 3552 proximi
465 3471 591 3533 invidiae
612 3474 685 3532 sint·
717 3473 826 3551 siquis
847 3489 918 3532 usus
939 3473 999 3534 mel
1019 3478 1107 3542 esto
