<?xml version="1.0" encoding="UTF-8"?>
<!DOCTYPE html PUBLIC "-//W3C//DTD XHTML 1.0 Transitional//EN"
    "http://www.w3.org/TR/xhtml1/DTD/xhtml1-transitional.dtd">
<html xmlns="http://www.w3.org/1999/xhtml" xml:lang="en" lang="en">
 <head>
  <title>
</title>
<meta http-equiv="Content-Type" content="text/html;charset=utf-8" />
  <meta name='ocr-system' content='tesseract 3.04.00' />
  <meta name='ocr-capabilities' content='ocr_page ocr_carea ocr_par ocr_line ocrx_word'/>
</head>
<body>
  <div class='ocr_page' id='page_1' title='image "./aburbeconditali01rossgoog_0295.png"; bbox 0 0 2580 3954; ppageno 0'>
   <div class='ocr_carea' id='block_1_1' title="bbox 5 687 10 744">
    <p class='ocr_par' dir='ltr' id='par_1_1' title="bbox 5 687 10 744">
     <span class='ocr_line' id='line_1_1' title="bbox 5 687 10 744; baseline 0 0"><span class='ocrx_word' id='word_1_1' title='bbox 5 687 10 744; x_wconf 80' lang='lat' dir='ltr'><strong>l</strong></span> 
     </span>
    </p>
   </div>
   <div class='ocr_carea' id='block_1_2' title="bbox 270 183 1084 268">
    <p class='ocr_par' dir='ltr' id='par_1_2' title="bbox 270 183 1084 268">
     <span class='ocr_line' id='line_1_2' title="bbox 270 183 1084 268; baseline 0.014 -24"><span class='ocrx_word' id='word_1_2' title='bbox 270 203 366 244; x_wconf 74' lang='grc'><strong>55555</strong></span> <span class='ocrx_word' id='word_1_3' title='bbox 381 203 429 246; x_wconf 86' lang='lat'><strong>111</strong></span> <span class='ocrx_word' id='word_1_4' title='bbox 457 201 530 246; x_wconf 72' lang='grc'><strong>545</strong></span> <span class='ocrx_word' id='word_1_5' title='bbox 547 194 591 249; x_wconf 86' lang='lat' dir='ltr'><strong>eo.</strong></span> <span class='ocrx_word' id='word_1_6' title='bbox 606 195 649 250; x_wconf 86' lang='grc'><strong>55</strong></span> <span class='ocrx_word' id='word_1_7' title='bbox 688 187 728 262; x_wconf 75' lang='lat' dir='ltr'><strong>[a.</strong></span> <span class='ocrx_word' id='word_1_8' title='bbox 746 183 801 248; x_wconf 79' lang='lat' dir='ltr'><strong>cn.</strong></span> <span class='ocrx_word' id='word_1_9' title='bbox 815 195 881 252; x_wconf 83' lang='grc'><strong>455</strong></span> <span class='ocrx_word' id='word_1_10' title='bbox 882 185 943 268; x_wconf 88' lang='grc'><strong>455]</strong></span> <span class='ocrx_word' id='word_1_11' title='bbox 1023 194 1084 255; x_wconf 85' lang='grc'><strong>555</strong></span> 
     </span>
    </p>
   </div>
   <div class='ocr_carea' id='block_1_3' title="bbox 118 349 1145 2192">
    <p class='ocr_par' dir='ltr' id='par_1_3' title="bbox 118 349 1145 2192">
     <span class='ocr_line' id='line_1_3' title="bbox 133 349 1145 433; baseline 0.003 -20"><span class='ocrx_word' id='word_1_12' title='bbox 133 367 244 432; x_wconf 78' lang='lat' dir='ltr'><strong>quoque</strong></span> <span class='ocrx_word' id='word_1_13' title='bbox 265 358 333 429; x_wconf 87' lang='lat' dir='ltr'><strong>post</strong></span> <span class='ocrx_word' id='word_1_14' title='bbox 349 349 459 412; x_wconf 88' lang='lat' dir='ltr'><strong>bellum</strong></span> <span class='ocrx_word' id='word_1_15' title='bbox 474 359 507 412; x_wconf 84' lang='lat' dir='ltr'><strong>ut</strong></span> <span class='ocrx_word' id='word_1_16' title='bbox 523 357 622 414; x_wconf 85' lang='lat' dir='ltr'><strong>cetera</strong></span> <span class='ocrx_word' id='word_1_17' title='bbox 637 369 743 413; x_wconf 79' lang='lat' dir='ltr'><strong>rantum</strong></span> <span class='ocrx_word' id='word_1_18' title='bbox 759 360 850 422; x_wconf 87' lang='lat' dir='ltr'><strong>esset,</strong></span> <span class='ocrx_word' id='word_1_19' title='bbox 867 353 1014 433; x_wconf 85' lang='lat' dir='ltr'><strong>extemplo</strong></span> <span class='ocrx_word' id='word_1_20' title='bbox 1028 353 1082 416; x_wconf 91' lang='grc'><strong>55·</strong></span> <span class='ocrx_word' id='word_1_21' title='bbox 1143 415 1145 422; x_wconf 84' lang='grc'><strong>,</strong></span> 
     </span>
     <span class='ocr_line' id='line_1_4' title="bbox 123 434 1115 516; baseline 0.002 -20"><span class='ocrx_word' id='word_1_22' title='bbox 123 437 193 496; x_wconf 87' lang='grc'><strong>5555.</strong></span> <span class='ocrx_word' id='word_1_23' title='bbox 224 436 375 496; x_wconf 80' lang='grc'><strong>5555555555</strong></span> <span class='ocrx_word' id='word_1_24' title='bbox 390 443 473 496; x_wconf 89' lang='grc'><strong>55555</strong></span> <span class='ocrx_word' id='word_1_25' title='bbox 487 453 564 496; x_wconf 88' lang='lat' dir='ltr'><strong>anno</strong></span> <span class='ocrx_word' id='word_1_26' title='bbox 580 453 597 496; x_wconf 90' lang='grc'><strong>5</strong></span> <span class='ocrx_word' id='word_1_27' title='bbox 613 437 719 515; x_wconf 89' lang='lat' dir='ltr'><strong>primis</strong></span> <span class='ocrx_word' id='word_1_28' title='bbox 732 435 845 496; x_wconf 87' lang='lat' dir='ltr'><strong>tribuni</strong></span> <span class='ocrx_word' id='word_1_29' title='bbox 865 434 962 516; x_wconf 90' lang='lat' dir='ltr'><strong>plebis</strong></span> <span class='ocrx_word' id='word_1_30' title='bbox 977 439 1080 500; x_wconf 82' lang='lat' dir='ltr'><strong>decem</strong></span> <span class='ocrx_word' id='word_1_31' title='bbox 1098 451 1115 498; x_wconf 80' lang='grc'><strong>5</strong></span> 
     </span>
     <span class='ocr_line' id='line_1_5' title="bbox 124 517 1083 598; baseline 0.001 -16"><span class='ocrx_word' id='word_1_32' title='bbox 124 520 217 582; x_wconf 80' lang='grc'><strong>555555</strong></span> <span class='ocrx_word' id='word_1_33' title='bbox 238 524 319 590; x_wconf 64' lang='lat' dir='ltr'><strong>sumt,</strong></span> <span class='ocrx_word' id='word_1_34' title='bbox 346 517 410 578; x_wconf 83' lang='lat' dir='ltr'><strong>itini</strong></span> <span class='ocrx_word' id='word_1_35' title='bbox 424 537 462 580; x_wconf 88' lang='grc'><strong>55</strong></span> <span class='ocrx_word' id='word_1_36' title='bbox 474 519 597 598; x_wconf 82' lang='lat' dir='ltr'><strong>singulis</strong></span> <span class='ocrx_word' id='word_1_37' title='bbox 612 518 771 589; x_wconf 86' lang='lat' dir='ltr'><strong>elassibus,</strong></span> <span class='ocrx_word' id='word_1_38' title='bbox 789 521 888 598; x_wconf 86' lang='lat' dir='ltr'><strong>itaque</strong></span> <span class='ocrx_word' id='word_1_39' title='bbox 903 527 1021 582; x_wconf 84' lang='grc'><strong>5555555555</strong></span> <span class='ocrx_word' id='word_1_40' title='bbox 1038 528 1083 583; x_wconf 92' lang='grc'><strong>555</strong></span> 
     </span>
     <span class='ocr_line' id='line_1_6' title="bbox 124 602 1117 682; baseline 0.004 -19"><span class='ocrx_word' id='word_1_41' title='bbox 124 611 157 664; x_wconf 91' lang='lat' dir='ltr'><strong>ut</strong></span> <span class='ocrx_word' id='word_1_42' title='bbox 182 609 284 682; x_wconf 86' lang='lat' dir='ltr'><strong>postea</strong></span> <span class='ocrx_word' id='word_1_43' title='bbox 312 609 495 665; x_wconf 78' lang='lat' dir='ltr'><strong>crearemur.</strong></span> <span class='ocrx_word' id='word_1_44' title='bbox 536 602 650 666; x_wconf 86' lang='lat' dir='ltr'><strong>Dileotu</strong></span> <span class='ocrx_word' id='word_1_45' title='bbox 677 602 784 666; x_wconf 79' lang='lat' dir='ltr'><strong>deinde</strong></span> <span class='ocrx_word' id='word_1_46' title='bbox 810 602 911 666; x_wconf 85' lang='lat' dir='ltr'><strong>habito</strong></span> <span class='ocrx_word' id='word_1_47' title='bbox 935 605 1117 667; x_wconf 82' lang='grc'><strong>5555555558</strong></span> 
     </span>
     <span class='ocr_line' id='line_1_7' title="bbox 122 685 1080 766; baseline 0.003 -18"><span class='ocrx_word' id='word_1_48' title='bbox 122 694 227 748; x_wconf 79' lang='lat' dir='ltr'><strong>eontra</strong></span> <span class='ocrx_word' id='word_1_49' title='bbox 247 685 373 749; x_wconf 78' lang='lat' dir='ltr'><strong>Sabinos</strong></span> <span class='ocrx_word' id='word_1_50' title='bbox 395 685 547 766; x_wconf 83' lang='lat' dir='ltr'><strong>proiectus</strong></span> <span class='ocrx_word' id='word_1_51' title='bbox 567 705 627 747; x_wconf 90' lang='lat' dir='ltr'><strong>non</strong></span> <span class='ocrx_word' id='word_1_52' title='bbox 647 688 758 748; x_wconf 78' lang='lat' dir='ltr'><strong>inuenit</strong></span> <span class='ocrx_word' id='word_1_53' title='bbox 775 687 901 750; x_wconf 87' lang='lat' dir='ltr'><strong>hostem.</strong></span> <span class='ocrx_word' id='word_1_54' title='bbox 931 688 1080 759; x_wconf 77' lang='lat' dir='ltr'><strong>Horatius,</strong></span> 
     </span>
     <span class='ocr_line' id='line_1_8' title="bbox 122 770 1081 850; baseline 0.001 -19"><span class='ocrx_word' id='word_1_55' title='bbox 122 787 192 831; x_wconf 87' lang='lat' dir='ltr'><strong>eum</strong></span> <span class='ocrx_word' id='word_1_56' title='bbox 211 770 270 830; x_wconf 87' lang='lat' dir='ltr'><strong>iarn</strong></span> <span class='ocrx_word' id='word_1_57' title='bbox 289 770 384 847; x_wconf 76' lang='lat' dir='ltr'><strong>Aequi</strong></span> <span class='ocrx_word' id='word_1_58' title='bbox 403 770 552 833; x_wconf 77' lang='lat' dir='ltr'>Corbione</span> <span class='ocrx_word' id='word_1_59' title='bbox 580 770 736 832; x_wconf 81' lang='lat' dir='ltr'><strong>interiecto</strong></span> <span class='ocrx_word' id='word_1_60' title='bbox 760 773 911 850; x_wconf 89' lang='lat' dir='ltr'><strong>praesidio</strong></span> <span class='ocrx_word' id='word_1_61' title='bbox 939 772 1081 834; x_wconf 80' lang='lat' dir='ltr'><strong>Ortonam</strong></span> 
     </span>
     <span class='ocr_line' id='line_1_9' title="bbox 122 854 1080 933; baseline 0 -17"><span class='ocrx_word' id='word_1_62' title='bbox 122 856 210 916; x_wconf 90' lang='lat' dir='ltr'><strong>etiam</strong></span> <span class='ocrx_word' id='word_1_63' title='bbox 232 855 395 932; x_wconf 80' lang='lat' dir='ltr'><strong>cepissent,</strong></span> <span class='ocrx_word' id='word_1_64' title='bbox 417 856 449 914; x_wconf 89' lang='lat' dir='ltr'><strong>in</strong></span> <span class='ocrx_word' id='word_1_65' title='bbox 464 854 568 933; x_wconf 76' lang='lat' dir='ltr'><strong>Algido</strong></span> <span class='ocrx_word' id='word_1_66' title='bbox 588 861 714 933; x_wconf 76' lang='lat' dir='ltr'><strong>pugnat,</strong></span> <span class='ocrx_word' id='word_1_67' title='bbox 728 854 835 916; x_wconf 85' lang='lat' dir='ltr'><strong>multos</strong></span> <span class='ocrx_word' id='word_1_68' title='bbox 852 854 1080 918; x_wconf 85' lang='lat' dir='ltr'><strong>mortalisoeol·</strong></span> 
     </span>
     <span class='ocr_line' id='line_1_10' title="bbox 121 937 1081 1017; baseline 0.002 -18"><span class='ocrx_word' id='word_1_69' title='bbox 121 938 179 1008; x_wconf 88' lang='lat' dir='ltr'><strong>dit,</strong></span> <span class='ocrx_word' id='word_1_70' title='bbox 202 937 285 1015; x_wconf 74' lang='lat' dir='ltr'><strong>fuget</strong></span> <span class='ocrx_word' id='word_1_71' title='bbox 299 937 415 998; x_wconf 87' lang='lat' dir='ltr'><strong>hostem</strong></span> <span class='ocrx_word' id='word_1_72' title='bbox 439 955 500 999; x_wconf 90' lang='lat' dir='ltr'><strong>non</strong></span> <span class='ocrx_word' id='word_1_73' title='bbox 516 957 553 1001; x_wconf 84' lang='lat' dir='ltr'><strong>ex</strong></span> <span class='ocrx_word' id='word_1_74' title='bbox 572 937 676 1017; x_wconf 77' lang='lat' dir='ltr'><strong>Algido</strong></span> <span class='ocrx_word' id='word_1_75' title='bbox 705 938 793 1000; x_wconf 90' lang='lat' dir='ltr'><strong>modo</strong></span> <span class='ocrx_word' id='word_1_76' title='bbox 818 939 872 1000; x_wconf 88' lang='lat' dir='ltr'><strong>sed</strong></span> <span class='ocrx_word' id='word_1_77' title='bbox 894 957 913 1000; x_wconf 88' lang='grc'><strong>5</strong></span> <span class='ocrx_word' id='word_1_78' title='bbox 933 937 1081 1002; x_wconf 84' lang='lat' dir='ltr'><strong>Corbione</strong></span> 
     </span>
     <span class='ocr_line' id='line_1_11' title="bbox 122 1019 1080 1164; baseline 0.002 -81"><span class='ocrx_word' id='word_1_79' title='bbox 122 1021 303 1164; x_wconf 58' lang='lat' dir='ltr'><strong>Ortonplque.</strong></span> <span class='ocrx_word' id='word_1_80' title='bbox 343 1019 523 1084; x_wconf 83' lang='lat' dir='ltr'><strong>Corbionem</strong></span> <span class='ocrx_word' id='word_1_81' title='bbox 550 1023 638 1084; x_wconf 89' lang='lat' dir='ltr'><strong>etiam</strong></span> <span class='ocrx_word' id='word_1_82' title='bbox 662 1021 754 1083; x_wconf 79' lang='lat' dir='ltr'><strong>diruit</strong></span> <span class='ocrx_word' id='word_1_83' title='bbox 779 1028 903 1101; x_wconf 84' lang='lat' dir='ltr'><strong>propter</strong></span> <span class='ocrx_word' id='word_1_84' title='bbox 929 1023 1080 1102; x_wconf 89' lang='lat' dir='ltr'><strong>proditum</strong></span> 
     </span>
     <span class='ocr_line' id='line_1_12' title="bbox 143 1105 310 1166; baseline 0 0"><span class='ocrx_word' id='word_1_85' title='bbox 143 1105 219 1166; x_wconf 84' lang='grc'><strong>55555</strong></span> <span class='ocrx_word' id='word_1_86' title='bbox 240 1106 310 1166; x_wconf 81' lang='lat' dir='ltr'><strong>bun.</strong></span> 
     </span>
     <span class='ocr_line' id='line_1_13' title="bbox 120 1120 1113 1268; baseline 0.004 -20"><span class='ocrx_word' id='word_1_87' title='bbox 120 1120 141 1184; x_wconf 73' lang='lat' dir='ltr'>p</span> <span class='ocrx_word' id='word_1_88' title='bbox 182 1185 1113 1268; x_wconf 67' lang='grc'><strong>1115151.515555555555555555555555555555555555555155555555</strong></span> 
     </span>
     <span class='ocr_line' id='line_1_14' title="bbox 120 1272 1079 1352; baseline -0.002 -16"><span class='ocrx_word' id='word_1_89' title='bbox 120 1273 202 1336; x_wconf 83' lang='lat' dir='ltr'><strong>dorni</strong></span> <span class='ocrx_word' id='word_1_90' title='bbox 229 1272 361 1350; x_wconf 84' lang='lat' dir='ltr'><strong>lorisque</strong></span> <span class='ocrx_word' id='word_1_91' title='bbox 389 1273 481 1334; x_wconf 81' lang='lat' dir='ltr'><strong>otiam</strong></span> <span class='ocrx_word' id='word_1_92' title='bbox 505 1273 569 1334; x_wconf 83' lang='grc'><strong>5555.</strong></span> <span class='ocrx_word' id='word_1_93' title='bbox 602 1289 718 1334; x_wconf 87' lang='lat' dir='ltr'><strong>annona</strong></span> <span class='ocrx_word' id='word_1_94' title='bbox 735 1281 859 1352; x_wconf 88' lang='lat' dir='ltr'><strong>propter</strong></span> <span class='ocrx_word' id='word_1_95' title='bbox 876 1289 1019 1351; x_wconf 87' lang='lat' dir='ltr'><strong>equarum</strong></span> <span class='ocrx_word' id='word_1_96' title='bbox 1032 1276 1079 1334; x_wconf 88' lang='lat' dir='ltr'><strong>in·</strong></span> 
     </span>
     <span class='ocr_line' id='line_1_15' title="bbox 119 1356 1079 1438; baseline -0.002 -18"><span class='ocrx_word' id='word_1_97' title='bbox 119 1360 295 1438; x_wconf 79' lang='lat' dir='ltr'><strong>temperiem</strong></span> <span class='ocrx_word' id='word_1_98' title='bbox 316 1357 481 1418; x_wconf 84' lang='lat' dir='ltr'><strong>laboratum</strong></span> <span class='ocrx_word' id='word_1_99' title='bbox 507 1363 558 1419; x_wconf 88' lang='lat' dir='ltr'><strong>est.</strong></span> <span class='ocrx_word' id='word_1_100' title='bbox 590 1357 626 1418; x_wconf 91' lang='lat' dir='ltr'><strong>de</strong></span> <span class='ocrx_word' id='word_1_101' title='bbox 646 1357 788 1418; x_wconf 81' lang='grc'><strong>5555555555</strong></span> <span class='ocrx_word' id='word_1_102' title='bbox 815 1356 994 1436; x_wconf 82' lang='lat' dir='ltr'><strong>publicando</strong></span> <span class='ocrx_word' id='word_1_103' title='bbox 1021 1356 1079 1418; x_wconf 82' lang='lat' dir='ltr'><strong>lata</strong></span> 
     </span>
     <span class='ocr_line' id='line_1_16' title="bbox 119 1433 1112 1520; baseline -0.003 -18"><span class='ocrx_word' id='word_1_104' title='bbox 119 1442 169 1504; x_wconf 87' lang='grc'><strong>155</strong></span> <span class='ocrx_word' id='word_1_105' title='bbox 185 1449 237 1504; x_wconf 88' lang='grc'><strong>555</strong></span> <span class='ocrx_word' id='word_1_106' title='bbox 267 1441 380 1502; x_wconf 86' lang='lat' dir='ltr'><strong>tribuni</strong></span> <span class='ocrx_word' id='word_1_107' title='bbox 395 1440 491 1520; x_wconf 91' lang='lat' dir='ltr'><strong>plebis</strong></span> <span class='ocrx_word' id='word_1_108' title='bbox 506 1433 586 1502; x_wconf 89' lang='lat' dir='ltr'><strong>idem</strong></span> <span class='ocrx_word' id='word_1_109' title='bbox 601 1439 715 1502; x_wconf 80' lang='lat' dir='ltr'><strong>relecti</strong></span> <span class='ocrx_word' id='word_1_110' title='bbox 745 1440 777 1500; x_wconf 89' lang='grc'><strong>155</strong></span> <span class='ocrx_word' id='word_1_111' title='bbox 792 1447 934 1519; x_wconf 80' lang='lat' dir='ltr'><strong>sequente</strong></span> <span class='ocrx_word' id='word_1_112' title='bbox 950 1457 1028 1502; x_wconf 86' lang='lat' dir='ltr'><strong>anno</strong></span> <span class='ocrx_word' id='word_1_113' title='bbox 1043 1441 1077 1502; x_wconf 85' lang='lat' dir='ltr'>T</span> <span class='ocrx_word' id='word_1_114' title='bbox 1095 1451 1112 1499; x_wconf 86' lang='lat'>2</span> 
     </span>
     <span class='ocr_line' id='line_1_17' title="bbox 118 1523 1078 1603; baseline -0.002 -15"><span class='ocrx_word' id='word_1_115' title='bbox 118 1525 247 1588; x_wconf 79' lang='lat' dir='ltr'><strong>Romilio</strong></span> <span class='ocrx_word' id='word_1_116' title='bbox 263 1525 421 1588; x_wconf 70' lang='lat' dir='ltr'><strong>dietario</strong></span> <span class='ocrx_word' id='word_1_117' title='bbox 436 1523 608 1587; x_wconf 89' lang='lat' dir='ltr'><strong>oonsulibus</strong></span> <span class='ocrx_word' id='word_1_118' title='bbox 623 1523 720 1603; x_wconf 80' lang='lat' dir='ltr'><strong>legem</strong></span> <span class='ocrx_word' id='word_1_119' title='bbox 736 1524 873 1586; x_wconf 86' lang='lat' dir='ltr'><strong>omnibus</strong></span> <span class='ocrx_word' id='word_1_120' title='bbox 889 1524 1078 1586; x_wconf 76' lang='lat' dir='ltr'><strong>contionibus</strong></span> 
     </span>
     <span class='ocr_line' id='line_1_18' title="bbox 119 1609 1077 1688; baseline -0.002 -18"><span class='ocrx_word' id='word_1_121' title='bbox 119 1612 182 1671; x_wconf 83' lang='grc'><strong>55555</strong></span> <span class='ocrx_word' id='word_1_122' title='bbox 205 1609 371 1671; x_wconf 88' lang='lat' dir='ltr'><strong>celebrant:</strong></span> <span class='ocrx_word' id='word_1_123' title='bbox 392 1609 506 1688; x_wconf 77' lang='lat' dir='ltr'><strong>pedere</strong></span> <span class='ocrx_word' id='word_1_124' title='bbox 528 1629 562 1670; x_wconf 89' lang='lat' dir='ltr'><strong>se</strong></span> <span class='ocrx_word' id='word_1_125' title='bbox 582 1609 699 1670; x_wconf 83' lang='lat' dir='ltr'><strong>numeri</strong></span> <span class='ocrx_word' id='word_1_126' title='bbox 721 1609 767 1669; x_wconf 89' lang='lat' dir='ltr'><strong>sui</strong></span> <span class='ocrx_word' id='word_1_127' title='bbox 787 1611 968 1687; x_wconf 77' lang='lat' dir='ltr'><strong>nequiquam</strong></span> <span class='ocrx_word' id='word_1_128' title='bbox 990 1610 1077 1679; x_wconf 87' lang='lat' dir='ltr'><strong>aneti,</strong></span> 
     </span>
     <span class='ocr_line' id='line_1_19' title="bbox 119 1691 1078 1772; baseline -0.004 -16"><span class='ocrx_word' id='word_1_129' title='bbox 119 1695 147 1756; x_wconf 91' lang='grc'><strong>55</strong></span> <span class='ocrx_word' id='word_1_130' title='bbox 164 1711 197 1755; x_wconf 85' lang='grc'><strong>55</strong></span> <span class='ocrx_word' id='word_1_131' title='bbox 215 1711 264 1755; x_wconf 85' lang='grc'><strong>555</strong></span> <span class='ocrx_word' id='word_1_132' title='bbox 279 1707 373 1772; x_wconf 85' lang='lat' dir='ltr'><strong>aeque</strong></span> <span class='ocrx_word' id='word_1_133' title='bbox 391 1708 445 1754; x_wconf 80' lang='lat' dir='ltr'><strong>stro</strong></span> <span class='ocrx_word' id='word_1_134' title='bbox 459 1691 581 1755; x_wconf 86' lang='lat' dir='ltr'><strong>biennio</strong></span> <span class='ocrx_word' id='word_1_135' title='bbox 595 1695 719 1763; x_wconf 86' lang='grc'><strong>5555555,</strong></span> <span class='ocrx_word' id='word_1_136' title='bbox 734 1709 769 1752; x_wconf 83' lang='grc'><strong>55</strong></span> <span class='ocrx_word' id='word_1_137' title='bbox 783 1699 845 1755; x_wconf 89' lang='lat' dir='ltr'><strong>toto</strong></span> <span class='ocrx_word' id='word_1_138' title='bbox 861 1694 1016 1770; x_wconf 71' lang='lat' dir='ltr'><strong>superiore</strong></span> <span class='ocrx_word' id='word_1_139' title='bbox 1033 1691 1078 1752; x_wconf 92' lang='lat' dir='ltr'><strong>lu·</strong></span> 
     </span>
     <span class='ocr_line' id='line_1_20' title="bbox 119 1776 1112 1854; baseline -0.001 -15"><span class='ocrx_word' id='word_1_140' title='bbox 119 1786 181 1840; x_wconf 91' lang='lat' dir='ltr'><strong>stro</strong></span> <span class='ocrx_word' id='word_1_141' title='bbox 201 1779 347 1839; x_wconf 80' lang='lat' dir='ltr'><strong>iacuisset.</strong></span> <span class='ocrx_word' id='word_1_142' title='bbox 377 1793 445 1837; x_wconf 84' lang='lat' dir='ltr'><strong>oum</strong></span> <span class='ocrx_word' id='word_1_143' title='bbox 466 1779 591 1838; x_wconf 83' lang='grc'><strong>5555555555</strong></span> <span class='ocrx_word' id='word_1_144' title='bbox 610 1777 685 1837; x_wconf 86' lang='lat' dir='ltr'><strong>haee</strong></span> <span class='ocrx_word' id='word_1_145' title='bbox 702 1776 965 1854; x_wconf 66' lang='grc'><strong>5355555555555515</strong></span> <span class='ocrx_word' id='word_1_146' title='bbox 982 1777 1112 1838; x_wconf 71' lang='lat' dir='ltr'><strong>nuntiis</strong></span> 
     </span>
     <span class='ocr_line' id='line_1_21' title="bbox 120 1857 1077 1938; baseline -0.003 -16"><span class='ocrx_word' id='word_1_147' title='bbox 120 1861 157 1922; x_wconf 89' lang='grc'><strong>55</strong></span> <span class='ocrx_word' id='word_1_148' title='bbox 179 1859 307 1922; x_wconf 82' lang='lat' dir='ltr'><strong>Tusculo</strong></span> <span class='ocrx_word' id='word_1_149' title='bbox 329 1860 450 1923; x_wconf 82' lang='lat' dir='ltr'><strong>veniant</strong></span> <span class='ocrx_word' id='word_1_150' title='bbox 465 1861 582 1938; x_wconf 66' lang='lat' dir='ltr'><strong>Aequos</strong></span> <span class='ocrx_word' id='word_1_151' title='bbox 604 1863 634 1920; x_wconf 89' lang='lat' dir='ltr'><strong>in</strong></span> <span class='ocrx_word' id='word_1_152' title='bbox 653 1877 725 1938; x_wconf 80' lang='lat' dir='ltr'><strong>agro</strong></span> <span class='ocrx_word' id='word_1_153' title='bbox 742 1857 912 1920; x_wconf 87' lang='lat' dir='ltr'><strong>&#39;iusoulano</strong></span> <span class='ocrx_word' id='word_1_154' title='bbox 927 1877 1001 1921; x_wconf 88' lang='grc'><strong>5555.</strong></span> <span class='ocrx_word' id='word_1_155' title='bbox 1034 1859 1077 1920; x_wconf 87' lang='lat' dir='ltr'><strong>ie·</strong></span> 
     </span>
     <span class='ocr_line' id='line_1_22' title="bbox 119 1942 1076 2024; baseline -0.002 -19"><span class='ocrx_word' id='word_1_156' title='bbox 119 1946 162 2006; x_wconf 89' lang='lat' dir='ltr'><strong>eit</strong></span> <span class='ocrx_word' id='word_1_157' title='bbox 175 1945 320 2024; x_wconf 89' lang='lat' dir='ltr'><strong>pudorem</strong></span> <span class='ocrx_word' id='word_1_158' title='bbox 335 1961 442 2006; x_wconf 84' lang='lat' dir='ltr'><strong>reeens</strong></span> <span class='ocrx_word' id='word_1_159' title='bbox 458 1947 522 2006; x_wconf 89' lang='lat' dir='ltr'><strong>eius</strong></span> <span class='ocrx_word' id='word_1_160' title='bbox 544 1943 648 2023; x_wconf 89' lang='lat' dir='ltr'><strong>populi</strong></span> <span class='ocrx_word' id='word_1_161' title='bbox 662 1945 800 2004; x_wconf 83' lang='lat' dir='ltr'><strong>meritum</strong></span> <span class='ocrx_word' id='word_1_162' title='bbox 814 1944 951 2004; x_wconf 84' lang='lat' dir='ltr'><strong>morendi</strong></span> <span class='ocrx_word' id='word_1_163' title='bbox 966 1942 1076 2004; x_wconf 77' lang='lat' dir='ltr'><strong>auxilii.</strong></span> 
     </span>
     <span class='ocr_line' id='line_1_23' title="bbox 119 2026 1077 2097; baseline -0.004 -7"><span class='ocrx_word' id='word_1_164' title='bbox 119 2028 207 2090; x_wconf 88' lang='lat' dir='ltr'><strong>ambo</strong></span> <span class='ocrx_word' id='word_1_165' title='bbox 223 2027 359 2090; x_wconf 70' lang='lat' dir='ltr'><strong>consedes</strong></span> <span class='ocrx_word' id='word_1_166' title='bbox 374 2045 442 2090; x_wconf 90' lang='lat' dir='ltr'><strong>eum</strong></span> <span class='ocrx_word' id='word_1_167' title='bbox 457 2030 590 2090; x_wconf 83' lang='grc'><strong>55555555</strong></span> <span class='ocrx_word' id='word_1_168' title='bbox 606 2029 686 2090; x_wconf 88' lang='lat' dir='ltr'><strong>missi</strong></span> <span class='ocrx_word' id='word_1_169' title='bbox 703 2026 818 2088; x_wconf 85' lang='lat' dir='ltr'><strong>irestem</strong></span> <span class='ocrx_word' id='word_1_170' title='bbox 832 2028 863 2086; x_wconf 86' lang='grc'><strong>555</strong></span> <span class='ocrx_word' id='word_1_171' title='bbox 878 2043 931 2088; x_wconf 85' lang='lat' dir='ltr'><strong>sua</strong></span> <span class='ocrx_word' id='word_1_172' title='bbox 944 2028 1030 2097; x_wconf 89' lang='lat' dir='ltr'><strong>sede,</strong></span> <span class='ocrx_word' id='word_1_173' title='bbox 1045 2029 1077 2087; x_wconf 90' lang='lat' dir='ltr'><strong>in</strong></span> 
     </span>
     <span class='ocr_line' id='line_1_24' title="bbox 119 2110 1112 2192; baseline -0.002 -18"><span class='ocrx_word' id='word_1_174' title='bbox 119 2112 232 2190; x_wconf 74' lang='lat' dir='ltr'><strong>Algido,</strong></span> <span class='ocrx_word' id='word_1_175' title='bbox 248 2114 409 2174; x_wconf 77' lang='grc'><strong>5555555555</strong></span> <span class='ocrx_word' id='word_1_176' title='bbox 442 2111 667 2192; x_wconf 80' lang='lat' dir='ltr'><strong>ibipuqnatum.</strong></span> <span class='ocrx_word' id='word_1_177' title='bbox 696 2129 730 2173; x_wconf 89' lang='lat' dir='ltr'><strong>su</strong></span> <span class='ocrx_word' id='word_1_178' title='bbox 769 2117 914 2189; x_wconf 82' lang='lat' dir='ltr'><strong>aseptem</strong></span> <span class='ocrx_word' id='word_1_179' title='bbox 929 2110 1009 2174; x_wconf 85' lang='lat' dir='ltr'><strong>milia</strong></span> <span class='ocrx_word' id='word_1_180' title='bbox 1022 2111 1112 2172; x_wconf 74' lang='grc'><strong>555</strong></span> 
     </span>
    </p>
   </div>
   <div class='ocr_carea' id='block_1_4' title="bbox 6 2195 1076 2275">
    <p class='ocr_par' dir='ltr' id='par_1_4' title="bbox 6 2195 1076 2275">
     <span class='ocr_line' id='line_1_25' title="bbox 6 2195 1076 2275; baseline -0.004 -17"><span class='ocrx_word' id='word_1_181' title='bbox 6 2207 7 2214; x_wconf 74' lang='grc'>’</span> <span class='ocrx_word' id='word_1_182' title='bbox 119 2199 207 2258; x_wconf 80' lang='lat' dir='ltr'><strong>stiram</strong></span> <span class='ocrx_word' id='word_1_183' title='bbox 223 2213 317 2266; x_wconf 89' lang='lat' dir='ltr'><strong>eaesa,</strong></span> <span class='ocrx_word' id='word_1_184' title='bbox 333 2195 383 2257; x_wconf 88' lang='lat' dir='ltr'><strong>alil</strong></span> <span class='ocrx_word' id='word_1_185' title='bbox 396 2196 497 2275; x_wconf 79' lang='lat' dir='ltr'><strong>legati,</strong></span> <span class='ocrx_word' id='word_1_186' title='bbox 512 2198 622 2275; x_wconf 89' lang='lat' dir='ltr'><strong>praeda</strong></span> <span class='ocrx_word' id='word_1_187' title='bbox 635 2203 719 2274; x_wconf 83' lang='lat' dir='ltr'><strong>parta</strong></span> <span class='ocrx_word' id='word_1_188' title='bbox 744 2211 847 2272; x_wconf 81' lang='lat' dir='ltr'><strong>agene.</strong></span> <span class='ocrx_word' id='word_1_189' title='bbox 873 2211 939 2256; x_wconf 85' lang='lat' dir='ltr'><strong>eam</strong></span> <span class='ocrx_word' id='word_1_190' title='bbox 953 2201 1076 2273; x_wconf 86' lang='lat' dir='ltr'><strong>propter</strong></span> 
     </span>
    </p>
   </div>
   <div class='ocr_carea' id='block_1_5' title="bbox 117 2279 1111 3530">
    <p class='ocr_par' dir='ltr' id='par_1_5' title="bbox 117 2279 1111 3530">
     <span class='ocr_line' id='line_1_26' title="bbox 118 2279 1076 2359; baseline -0.001 -18"><span class='ocrx_word' id='word_1_191' title='bbox 118 2282 250 2359; x_wconf 88' lang='lat' dir='ltr'><strong>inopiam</strong></span> <span class='ocrx_word' id='word_1_192' title='bbox 265 2281 374 2341; x_wconf 85' lang='grc'><strong>5555555</strong></span> <span class='ocrx_word' id='word_1_193' title='bbox 383 2279 522 2342; x_wconf 83' lang='grc'><strong>5555555555</strong></span> <span class='ocrx_word' id='word_1_194' title='bbox 538 2279 741 2342; x_wconf 73' lang='lat' dir='ltr'><strong>vendiderunt,</strong></span> <span class='ocrx_word' id='word_1_195' title='bbox 771 2279 898 2340; x_wconf 79' lang='lat' dir='ltr'><strong>invidiae</strong></span> <span class='ocrx_word' id='word_1_196' title='bbox 913 2285 1012 2340; x_wconf 88' lang='lat' dir='ltr'><strong>tamen</strong></span> <span class='ocrx_word' id='word_1_197' title='bbox 1027 2296 1076 2340; x_wconf 90' lang='lat' dir='ltr'><strong>res</strong></span> 
     </span>
     <span class='ocr_line' id='line_1_27' title="bbox 118 2363 1076 2442; baseline -0.002 -18"><span class='ocrx_word' id='word_1_198' title='bbox 118 2364 156 2424; x_wconf 91' lang='lat' dir='ltr'><strong>ad</strong></span> <span class='ocrx_word' id='word_1_199' title='bbox 168 2366 329 2426; x_wconf 85' lang='lat' dir='ltr'><strong>exereitum</strong></span> <span class='ocrx_word' id='word_1_200' title='bbox 340 2365 404 2434; x_wconf 78' lang='lat' dir='ltr'><strong>nni,</strong></span> <span class='ocrx_word' id='word_1_201' title='bbox 421 2365 583 2442; x_wconf 88' lang='lat' dir='ltr'><strong>eademque</strong></span> <span class='ocrx_word' id='word_1_202' title='bbox 593 2363 721 2424; x_wconf 87' lang='lat' dir='ltr'><strong>tribunis</strong></span> <span class='ocrx_word' id='word_1_203' title='bbox 731 2363 884 2424; x_wconf 74' lang='lat' dir='ltr'><strong>materiam</strong></span> <span class='ocrx_word' id='word_1_204' title='bbox 900 2363 1076 2424; x_wconf 75' lang='lat' dir='ltr'><strong>nilminandi</strong></span> 
     </span>
     <span class='ocr_line' id='line_1_28' title="bbox 118 2442 1111 2526; baseline -0.004 -18"><span class='ocrx_word' id='word_1_205' title='bbox 118 2449 156 2508; x_wconf 90' lang='lat' dir='ltr'><strong>ad</strong></span> <span class='ocrx_word' id='word_1_206' title='bbox 170 2446 292 2526; x_wconf 88' lang='lat' dir='ltr'><strong>plebem</strong></span> <span class='ocrx_word' id='word_1_207' title='bbox 309 2447 446 2510; x_wconf 68' lang='lat' dir='ltr'><strong>emulos</strong></span> <span class='ocrx_word' id='word_1_208' title='bbox 460 2447 606 2526; x_wconf 86' lang='lat' dir='ltr'><strong>praebuit</strong></span> <span class='ocrx_word' id='word_1_209' title='bbox 639 2450 738 2526; x_wconf 85' lang='lat' dir='ltr'><strong>itaque</strong></span> <span class='ocrx_word' id='word_1_210' title='bbox 755 2463 841 2525; x_wconf 79' lang='lat' dir='ltr'><strong>ergo,</strong></span> <span class='ocrx_word' id='word_1_211' title='bbox 856 2451 889 2506; x_wconf 86' lang='lat' dir='ltr'><strong>ut</strong></span> <span class='ocrx_word' id='word_1_212' title='bbox 903 2442 1111 2524; x_wconf 74' lang='lat' dir='ltr'><strong>magistratui</strong></span> 
     </span>
     <span class='ocr_line' id='line_1_29' title="bbox 120 2527 1076 2612; baseline -0.002 -20"><span class='ocrx_word' id='word_1_213' title='bbox 120 2530 237 2602; x_wconf 81' lang='lat' dir='ltr'><strong>abiere,</strong></span> <span class='ocrx_word' id='word_1_214' title='bbox 255 2533 362 2610; x_wconf 84' lang='lat' dir='ltr'><strong>Spurio</strong></span> <span class='ocrx_word' id='word_1_215' title='bbox 377 2532 505 2612; x_wconf 84' lang='lat' dir='ltr'><strong>Tarpeio</strong></span> <span class='ocrx_word' id='word_1_216' title='bbox 521 2533 554 2592; x_wconf 82' lang='grc' dir='ltr'><strong>Α</strong></span> <span class='ocrx_word' id='word_1_217' title='bbox 572 2532 711 2592; x_wconf 81' lang='grc'><strong>55555555</strong></span> <span class='ocrx_word' id='word_1_218' title='bbox 729 2527 901 2591; x_wconf 86' lang='lat' dir='ltr'><strong>oonsulibus</strong></span> <span class='ocrx_word' id='word_1_219' title='bbox 917 2529 980 2590; x_wconf 88' lang='lat' dir='ltr'><strong>dies</strong></span> <span class='ocrx_word' id='word_1_220' title='bbox 999 2531 1076 2590; x_wconf 87' lang='lat' dir='ltr'><strong>diota</strong></span> 
     </span>
     <span class='ocr_line' id='line_1_30' title="bbox 119 2611 1075 2692; baseline -0.004 -16"><span class='ocrx_word' id='word_1_221' title='bbox 119 2620 178 2685; x_wconf 89' lang='grc'><strong>555,</strong></span> <span class='ocrx_word' id='word_1_222' title='bbox 200 2614 327 2676; x_wconf 85' lang='lat' dir='ltr'><strong>Romilio</strong></span> <span class='ocrx_word' id='word_1_223' title='bbox 343 2615 379 2676; x_wconf 87' lang='grc'><strong>55</strong></span> <span class='ocrx_word' id='word_1_224' title='bbox 398 2616 428 2678; x_wconf 83' lang='lat' dir='ltr'>C</span> <span class='ocrx_word' id='word_1_225' title='bbox 448 2615 544 2678; x_wconf 85' lang='lat' dir='ltr'><strong>Calvio</strong></span> <span class='ocrx_word' id='word_1_226' title='bbox 562 2615 703 2676; x_wconf 80' lang='lat' dir='ltr'><strong>Cicerone</strong></span> <span class='ocrx_word' id='word_1_227' title='bbox 717 2613 839 2674; x_wconf 84' lang='lat' dir='ltr'><strong>tribuno</strong></span> <span class='ocrx_word' id='word_1_228' title='bbox 852 2611 966 2692; x_wconf 78' lang='lat' dir='ltr'><strong>plebIs,</strong></span> <span class='ocrx_word' id='word_1_229' title='bbox 987 2614 1075 2674; x_wconf 86' lang='lat' dir='ltr'><strong>Vetu-</strong></span> 
     </span>
     <span class='ocr_line' id='line_1_31' title="bbox 118 2697 1111 2779; baseline -0.005 -19"><span class='ocrx_word' id='word_1_230' title='bbox 118 2701 164 2760; x_wconf 88' lang='lat' dir='ltr'><strong>rio</strong></span> <span class='ocrx_word' id='word_1_231' title='bbox 182 2697 219 2758; x_wconf 88' lang='lat' dir='ltr'><strong>ab</strong></span> <span class='ocrx_word' id='word_1_232' title='bbox 233 2697 266 2760; x_wconf 88' lang='lat' dir='ltr'><strong>L</strong></span> <span class='ocrx_word' id='word_1_233' title='bbox 281 2698 385 2761; x_wconf 82' lang='grc'><strong>5555555</strong></span> <span class='ocrx_word' id='word_1_234' title='bbox 401 2698 496 2761; x_wconf 78' lang='lat' dir='ltr'><strong>aedile</strong></span> <span class='ocrx_word' id='word_1_235' title='bbox 510 2698 614 2779; x_wconf 90' lang='lat' dir='ltr'><strong>plebis.</strong></span> <span class='ocrx_word' id='word_1_236' title='bbox 635 2706 761 2774; x_wconf 88' lang='lat' dir='ltr'><strong>uterque</strong></span> <span class='ocrx_word' id='word_1_237' title='bbox 778 2713 884 2774; x_wconf 84' lang='lat' dir='ltr'><strong>magna</strong></span> <span class='ocrx_word' id='word_1_238' title='bbox 899 2699 1038 2776; x_wconf 78' lang='lat' dir='ltr'><strong>patrum·</strong></span> <span class='ocrx_word' id='word_1_239' title='bbox 1030 2714 1076 2756; x_wconf 86' lang='grc'><strong>555-</strong></span> <span class='ocrx_word' id='word_1_240' title='bbox 1094 2701 1111 2753; x_wconf 85' lang='grc'><strong>5</strong></span> 
     </span>
     <span class='ocr_line' id='line_1_32' title="bbox 119 2779 1076 2880; baseline 0 -38"><span class='ocrx_word' id='word_1_241' title='bbox 119 2783 288 2880; x_wconf 82' lang='lat' dir='ltr'><strong>dignatione</strong></span> <span class='ocrx_word' id='word_1_242' title='bbox 310 2783 479 2853; x_wconf 86' lang='lat' dir='ltr'><strong>damnatus,</strong></span> <span class='ocrx_word' id='word_1_243' title='bbox 499 2782 643 2845; x_wconf 84' lang='lat' dir='ltr'><strong>Romilius</strong></span> <span class='ocrx_word' id='word_1_244' title='bbox 659 2783 762 2843; x_wconf 78' lang='lat' dir='ltr'><strong>decem</strong></span> <span class='ocrx_word' id='word_1_245' title='bbox 777 2779 897 2842; x_wconf 87' lang='lat' dir='ltr'><strong>milibus</strong></span> <span class='ocrx_word' id='word_1_246' title='bbox 912 2782 1005 2850; x_wconf 88' lang='lat' dir='ltr'><strong>aeris,</strong></span> <span class='ocrx_word' id='word_1_247' title='bbox 1020 2781 1076 2842; x_wconf 86' lang='lat' dir='ltr'><strong>Ve-</strong></span> 
     </span>
     <span class='ocr_line' id='line_1_33' title="bbox 118 2863 1076 2948; baseline 0.001 -24"><span class='ocrx_word' id='word_1_248' title='bbox 118 2866 215 2925; x_wconf 86' lang='lat' dir='ltr'><strong>turius</strong></span> <span class='ocrx_word' id='word_1_249' title='bbox 229 2866 407 2948; x_wconf 86' lang='lat' dir='ltr'><strong>quindeelm.</strong></span> <span class='ocrx_word' id='word_1_250' title='bbox 440 2882 497 2928; x_wconf 90' lang='lat' dir='ltr'><strong>neo</strong></span> <span class='ocrx_word' id='word_1_251' title='bbox 511 2866 586 2927; x_wconf 86' lang='lat' dir='ltr'><strong>haee</strong></span> <span class='ocrx_word' id='word_1_252' title='bbox 602 2868 737 2945; x_wconf 85' lang='lat' dir='ltr'><strong>priorum</strong></span> <span class='ocrx_word' id='word_1_253' title='bbox 757 2864 906 2926; x_wconf 79' lang='lat' dir='ltr'><strong>calamitas</strong></span> <span class='ocrx_word' id='word_1_254' title='bbox 921 2863 1076 2926; x_wconf 81' lang='lat' dir='ltr'><strong>consulum</strong></span> 
     </span>
     <span class='ocr_line' id='line_1_34' title="bbox 119 2949 1076 3027; baseline 0.001 -18"><span class='ocrx_word' id='word_1_255' title='bbox 119 2949 274 3025; x_wconf 86' lang='lat' dir='ltr'><strong>segniores</strong></span> <span class='ocrx_word' id='word_1_256' title='bbox 298 2965 390 3010; x_wconf 79' lang='lat' dir='ltr'><strong>noros</strong></span> <span class='ocrx_word' id='word_1_257' title='bbox 416 2951 529 3012; x_wconf 80' lang='lat' dir='ltr'><strong>leserat</strong></span> <span class='ocrx_word' id='word_1_258' title='bbox 547 2949 699 3020; x_wconf 89' lang='lat' dir='ltr'><strong>eonsules,</strong></span> <span class='ocrx_word' id='word_1_259' title='bbox 722 2955 753 3010; x_wconf 87' lang='lat' dir='ltr'><strong>ei</strong></span> <span class='ocrx_word' id='word_1_260' title='bbox 772 2967 805 3010; x_wconf 91' lang='lat' dir='ltr'><strong>se</strong></span> <span class='ocrx_word' id='word_1_261' title='bbox 834 2949 969 3011; x_wconf 84' lang='lat' dir='ltr'><strong>damnari</strong></span> <span class='ocrx_word' id='word_1_262' title='bbox 988 2966 1076 3027; x_wconf 90' lang='lat' dir='ltr'><strong>posse</strong></span> 
     </span>
     <span class='ocr_line' id='line_1_35' title="bbox 118 3030 1075 3112; baseline 0.001 -20"><span class='ocrx_word' id='word_1_263' title='bbox 118 3030 251 3102; x_wconf 88' lang='lat' dir='ltr'><strong>aiebant,</strong></span> <span class='ocrx_word' id='word_1_264' title='bbox 279 3038 308 3093; x_wconf 88' lang='grc'><strong>55</strong></span> <span class='ocrx_word' id='word_1_265' title='bbox 334 3032 452 3110; x_wconf 83' lang='lat' dir='ltr'><strong>plebem</strong></span> <span class='ocrx_word' id='word_1_266' title='bbox 473 3041 511 3095; x_wconf 90' lang='grc'><strong>55</strong></span> <span class='ocrx_word' id='word_1_267' title='bbox 519 3033 655 3095; x_wconf 84' lang='grc'><strong>5555555555</strong></span> <span class='ocrx_word' id='word_1_268' title='bbox 676 3032 774 3112; x_wconf 82' lang='lat' dir='ltr'><strong>legem</strong></span> <span class='ocrx_word' id='word_1_269' title='bbox 794 3032 875 3094; x_wconf 88' lang='lat' dir='ltr'><strong>lerre</strong></span> <span class='ocrx_word' id='word_1_270' title='bbox 894 3050 956 3093; x_wconf 90' lang='lat' dir='ltr'><strong>non</strong></span> <span class='ocrx_word' id='word_1_271' title='bbox 978 3050 1075 3111; x_wconf 89' lang='lat' dir='ltr'><strong>posse.</strong></span> 
     </span>
     <span class='ocr_line' id='line_1_36' title="bbox 117 3077 1110 3196; baseline 0.001 -22"><span class='ocrx_word' id='word_1_272' title='bbox 117 3122 181 3175; x_wconf 89' lang='lat' dir='ltr'><strong>tum</strong></span> <span class='ocrx_word' id='word_1_273' title='bbox 199 3077 313 3176; x_wconf 74' lang='grc'><strong>5555555</strong></span> <span class='ocrx_word' id='word_1_274' title='bbox 328 3116 408 3194; x_wconf 82' lang='lat' dir='ltr'><strong>lege,</strong></span> <span class='ocrx_word' id='word_1_275' title='bbox 430 3133 505 3195; x_wconf 82' lang='lat' dir='ltr'><strong>quae</strong></span> <span class='ocrx_word' id='word_1_276' title='bbox 520 3117 706 3196; x_wconf 85' lang='lat' dir='ltr'><strong>promulgata</strong></span> <span class='ocrx_word' id='word_1_277' title='bbox 730 3123 942 3186; x_wconf 87' lang='lat' dir='ltr'><strong>oonsenuerat,</strong></span> <span class='ocrx_word' id='word_1_278' title='bbox 963 3114 1110 3176; x_wconf 85' lang='lat' dir='ltr'><strong>tribuni⁷</strong></span> 
     </span>
     <span class='ocr_line' id='line_1_37' title="bbox 118 3199 1076 3279; baseline 0.002 -21"><span class='ocrx_word' id='word_1_279' title='bbox 118 3199 215 3260; x_wconf 89' lang='lat' dir='ltr'><strong>lenius</strong></span> <span class='ocrx_word' id='word_1_280' title='bbox 231 3215 320 3278; x_wconf 79' lang='lat' dir='ltr'><strong>agere</strong></span> <span class='ocrx_word' id='word_1_281' title='bbox 337 3214 404 3259; x_wconf 86' lang='lat' dir='ltr'><strong>oum</strong></span> <span class='ocrx_word' id='word_1_282' title='bbox 422 3200 571 3279; x_wconf 77' lang='lat' dir='ltr'><strong>patribus:</strong></span> <span class='ocrx_word' id='word_1_283' title='bbox 590 3202 678 3262; x_wconf 85' lang='lat' dir='ltr'><strong>linem</strong></span> <span class='ocrx_word' id='word_1_284' title='bbox 693 3200 813 3262; x_wconf 84' lang='lat' dir='ltr'><strong>tandem</strong></span> <span class='ocrx_word' id='word_1_285' title='bbox 827 3201 1022 3260; x_wconf 77' lang='lat' dir='ltr'><strong>canendnum</strong></span> <span class='ocrx_word' id='word_1_286' title='bbox 1033 3200 1076 3260; x_wconf 86' lang='lat' dir='ltr'><strong>ia·</strong></span> 
     </span>
     <span class='ocr_line' id='line_1_38' title="bbox 119 3281 1077 3364; baseline 0.001 -20"><span class='ocrx_word' id='word_1_287' title='bbox 119 3289 230 3344; x_wconf 82' lang='grc'><strong>555555.</strong></span> <span class='ocrx_word' id='word_1_288' title='bbox 264 3285 290 3344; x_wconf 90' lang='lat' dir='ltr'><strong>si</strong></span> <span class='ocrx_word' id='word_1_289' title='bbox 306 3281 442 3363; x_wconf 86' lang='lat' dir='ltr'><strong>plebeiae</strong></span> <span class='ocrx_word' id='word_1_290' title='bbox 458 3283 539 3362; x_wconf 81' lang='lat' dir='ltr'><strong>leges</strong></span> <span class='ocrx_word' id='word_1_291' title='bbox 558 3285 758 3364; x_wconf 77' lang='lat' dir='ltr'><strong>displicerent,</strong></span> <span class='ocrx_word' id='word_1_292' title='bbox 774 3281 861 3344; x_wconf 88' lang='lat' dir='ltr'><strong>atilli</strong></span> <span class='ocrx_word' id='word_1_293' title='bbox 881 3284 1077 3345; x_wconf 86' lang='lat' dir='ltr'><strong>communiter</strong></span> 
     </span>
     <span class='ocr_line' id='line_1_39' title="bbox 118 3363 1077 3446; baseline 0.003 -21"><span class='ocrx_word' id='word_1_294' title='bbox 118 3363 216 3443; x_wconf 83' lang='lat' dir='ltr'><strong>legum</strong></span> <span class='ocrx_word' id='word_1_295' title='bbox 236 3366 346 3444; x_wconf 84' lang='lat' dir='ltr'><strong>latores</strong></span> <span class='ocrx_word' id='word_1_296' title='bbox 369 3374 398 3429; x_wconf 89' lang='lat' dir='ltr'><strong>et</strong></span> <span class='ocrx_word' id='word_1_297' title='bbox 420 3383 455 3429; x_wconf 87' lang='grc'><strong>55</strong></span> <span class='ocrx_word' id='word_1_298' title='bbox 476 3366 564 3446; x_wconf 90' lang='lat' dir='ltr'><strong>plebe</strong></span> <span class='ocrx_word' id='word_1_299' title='bbox 592 3375 622 3430; x_wconf 88' lang='grc'><strong>55</strong></span> <span class='ocrx_word' id='word_1_300' title='bbox 643 3387 679 3429; x_wconf 85' lang='lat' dir='ltr'><strong>ex</strong></span> <span class='ocrx_word' id='word_1_301' title='bbox 698 3367 846 3446; x_wconf 88' lang='lat' dir='ltr'><strong>patribus,</strong></span> <span class='ocrx_word' id='word_1_302' title='bbox 871 3369 923 3445; x_wconf 92' lang='lat' dir='ltr'><strong>qui</strong></span> <span class='ocrx_word' id='word_1_303' title='bbox 942 3367 1077 3444; x_wconf 86' lang='lat' dir='ltr'><strong>utrisque</strong></span> 
     </span>
     <span class='ocr_line' id='line_1_40' title="bbox 118 3448 1077 3530; baseline 0.004 -22"><span class='ocrx_word' id='word_1_304' title='bbox 118 3448 199 3510; x_wconf 86' lang='lat' dir='ltr'><strong>utilia</strong></span> <span class='ocrx_word' id='word_1_305' title='bbox 224 3451 338 3512; x_wconf 84' lang='grc'><strong>55555555</strong></span> <span class='ocrx_word' id='word_1_306' title='bbox 361 3468 495 3530; x_wconf 88' lang='lat' dir='ltr'><strong>quaeque</strong></span> <span class='ocrx_word' id='word_1_307' title='bbox 519 3451 690 3530; x_wconf 84' lang='lat' dir='ltr'><strong>aequandae</strong></span> <span class='ocrx_word' id='word_1_308' title='bbox 704 3451 848 3512; x_wconf 80' lang='lat' dir='ltr'><strong>libertatis</strong></span> <span class='ocrx_word' id='word_1_309' title='bbox 866 3458 979 3521; x_wconf 86' lang='lat' dir='ltr'><strong>essent,</strong></span> <span class='ocrx_word' id='word_1_310' title='bbox 998 3452 1077 3512; x_wconf 86' lang='lat' dir='ltr'><strong>sine·</strong></span> 
     </span>
    </p>
   </div>
   <div class='ocr_carea' id='block_1_6' title="bbox 0 0 1294 3954">
    <p class='ocr_par' dir='ltr' id='par_1_6' title="bbox 0 0 1294 3954">
     <span class='ocr_line' id='line_1_41' title="bbox 0 0 1294 3954; baseline 0 1"><span class='ocrx_word' id='word_1_311' title='bbox 0 0 1294 3954; x_wconf 95' lang='lat' dir='ltr'><strong> </strong></span> 
     </span>
    </p>
   </div>
  </div>
 </body>
</html>
