2580 3954
215 230 278 290 204
390 241 541 283 umaarv.
560 241 631 282 eae.
643 231 669 286 7.
681 233 707 286 8.
725 223 763 300 [a.
778 243 807 280 u.
826 243 850 282 c.
864 231 926 285 310.
943 222 1005 300 311]

181 405 288 458 onum
311 407 409 451 causa.
445 391 469 450 si
489 389 632 450 Ardeates
652 407 705 451 sua
732 395 866 466 tempora
892 396 1048 467 expectare
1074 386 1177 460 velint,
1272 425 1273 462 3

215 473 430 552 arbitriumque
452 474 567 534 senatui
588 471 729 534 levandae
749 473 876 534 iniuriae
900 489 972 534 suae
991 473 1176 551 permittant,
1272 475 1273 514 i

215 557 279 619 iore
297 565 330 619 ut
343 557 498 636 postmodo
514 557 662 634 gaudeant
683 573 715 617 se
731 558 794 616 irae
816 557 999 625 moderatos,
1021 556 1177 634 sciantque

214 641 349 720 patribus
365 659 459 720 aeque
476 659 567 701 curae
582 641 689 710 tuisse,
705 657 743 702 ue
763 639 943 718 quainiuri'a
956 642 988 700 in
1004 659 1055 702 eos
1073 657 1177 701 orere-
1272 681 1273 690 .

180 735 196 783 7
214 731 278 796 tur,
295 744 329 786 ac
344 743 382 786 ne
398 730 462 786 orta
480 725 619 785 diuturna
634 731 720 786 esset.
749 725 788 784 ita
804 723 906 801 legati,
922 742 990 784 cum
1007 743 1040 785 se
1053 741 1117 784 rem
1128 723 1176 786 iu·

214 815 327 886 tegram
342 808 488 870 relaturos
503 808 661 878 dixissent,
677 808 801 868 comiter
819 808 940 869 dimissi.

209 888 219 903 '
277 894 413 962 Patricii,
429 910 497 952 cum
511 891 576 953 sine
591 889 689 952 currdi
703 893 876 968 magistratu
892 887 1071 970 respublica
1087 898 1176 962 esset,

215 977 314 1037 coiere
330 982 359 1037 et
372 978 552 1054 interregem
567 992 716 1036 creavere.
751 977 916 1045 contentio,
939 974 1116 1038 consulesne
1136 993 1176 1036 an

214 1059 327 1120 tribuni
338 1059 464 1120 militum
476 1059 707 1130 crearentur,in
718 1059 890 1137 interregno
901 1075 966 1120 rem
977 1060 1040 1120 dies
1050 1058 1175 1138 conplu-

180 1157 263 1210 ares
274 1144 378 1204 tenuit.
409 1145 541 1205 interrex
559 1161 593 1204 ac
607 1150 728 1205 senatus
741 1143 897 1204 consulum
909 1144 1043 1212 coniitia,
1061 1142 1174 1202 tribuni

214 1225 311 1306 plebis
329 1234 358 1289 et
373 1227 458 1307 plebs
471 1227 661 1288 tribunorum
672 1225 799 1288 miiitum
815 1234 848 1288 ut
863 1223 1029 1288 habeantur
1040 1227 1175 1288 tendunt.
1272 1271 1273 1308 3

180 1326 197 1380 u
214 1311 349 1372 vicerunt
364 1317 478 1390 patres,
495 1313 563 1391 quia
580 1317 610 1373 et
619 1309 705 1390 plebs
720 1311 854 1390 patriciis
869 1328 922 1372 seu
933 1309 1013 1371 hunc
1025 1329 1078 1372 seu
1091 1309 1176 1372 illum
1272 1309 1273 1364 l

149 1423 151 1426 ·
215 1395 348 1458 delatura
367 1395 513 1457 honorem
535 1396 645 1456 frustra
668 1401 785 1456 certare
804 1394 986 1474 supersedit,
1011 1402 1041 1456 et
1062 1396 1175 1472 princi·

214 1497 268 1559 pes
279 1477 375 1556 plebis
389 1497 424 1540 ea
433 1481 551 1540 comitia
563 1477 722 1548 malebant,
736 1477 844 1556 quibus
855 1494 915 1538 non
925 1475 1088 1540 baberetur
1098 1479 1175 1538 ratio
1272 1493 1273 1533 t

215 1579 283 1632 sua,
300 1579 387 1639 quam
405 1561 513 1640 quibus
528 1569 561 1622 ut
575 1562 689 1640 indigni
703 1563 946 1640 praeterirentur.
973 1561 1084 1622 tribuni
1101 1579 1174 1640 quo·

215 1662 273 1723 quc
288 1643 369 1723 plebi
385 1655 534 1707 certamen
555 1647 619 1707 sine
634 1647 740 1706 ellectu
755 1648 787 1706 in
804 1644 949 1707 beneflcio
971 1646 1050 1727 apud
1063 1647 1175 1724 primo-
1272 1683 1273 1720 p

166 1737 197 1790 ιο
214 1747 263 1790 res
290 1736 408 1808 patrum
434 1729 592 1809 reliquere.
633 1728 665 1789 T.
691 1727 846 1798 Quinctius
873 1728 1018 1790 barbatus
1043 1731 1175 1790 interrex
1272 1727 1273 1764 ³

215 1812 352 1874 consules
371 1821 453 1874 creat
472 1812 596 1875 Lucium
617 1815 769 1892 Papirium
784 1807 965 1891 Mugilanum
984 1813 1016 1874 L.
1035 1813 1175 1891 Sempro·

214 1897 297 1957 nium
312 1898 487 1958 autunum.
521 1896 569 1959 his
587 1896 761 1959 consulibus
785 1915 853 1958 cum
871 1895 1048 1958 Ardeatibus
1069 1897 1176 1958 foedus
1272 1961 1273 1972 χ

215 1988 389 2042 renovatum
414 1987 465 2044 est.
500 1981 590 2060 idque
611 1983 797 2042 mouumenti
817 1989 862 2042 est
887 1981 1024 2042 consules
1050 1999 1102 2042 eos
1123 1979 1175 2040 ille

216 2081 293 2124 auno
308 2065 414 2135 luisse,
429 2066 481 2142 qui
496 2082 592 2144 neque
604 2066 635 2126 in
653 2063 808 2126 annalibus
820 2066 928 2144 priscis
939 2083 1036 2144 neque
1048 2066 1079 2124 in
1090 2063 1176 2124 libris
1272 2117 1273 2126 ,

109 2220 111 2224 ¹
166 2153 196 2203 11
214 2147 438 2224 magistratuum
458 2150 666 2217 inveniuntura
689 2148 794 2218 eredo,
816 2149 896 2227 quod
916 2148 1029 2209 tribuni
1049 2147 1175 2208 militum
1272 2199 1273 2208 ,

213 2231 299 2291 initio
311 2232 528 2302 aedituorum,
545 2250 596 2302 eo,
611 2232 737 2312 perinde
751 2249 785 2292 ac
800 2234 826 2294 si
840 2239 935 2293 totum
950 2249 1059 2294 annum
1074 2234 1105 2291 in
1120 2233 1175 2292 im·

213 2316 298 2394 perio
314 2314 438 2386 luerint,
454 2315 585 2378 suffectis
600 2317 637 2378 iis
647 2315 819 2378 consulibus
831 2318 1041 2394 praetermissa
1054 2317 1174 2376 nomina

147 2422 149 2427 ¹
166 2406 196 2455 12
215 2397 370 2458 consulum
385 2397 502 2460 horum.
533 2400 665 2462 Licinius
680 2401 780 2461 Macer
795 2406 953 2462 auctorest
968 2408 997 2462 et
1008 2401 1039 2460 iu
1053 2398 1175 2460 loedere

193 2633 197 2642 ,
212 2567 270 2664 ris,
293 2583 362 2666 curn
375 2573 420 2627 tot
434 2574 595 2630 terroresa
612 2568 743 2628 finitimis
758 2569 895 2629 ostentati
910 2576 1024 2638 essent,
1050 2574 1080 2628 et
1095 2566 1175 2627 domi

182 2745 194 2795 i
213 2651 461 2795 otruffionhunc
477 2751 588 2796 anuum
605 2767 640 2780 -
659 2753 712 2798 seu
724 2734 862 2797 tribunos
877 2735 966 2796 modo
979 2753 1034 2797 seu
1045 2732 1175 2796 tribunis

213 2818 352 2879 suffectos
369 2817 506 2880 consules
527 2836 645 2898 quoque
661 2818 767 2880 babuit
783 2851 819 2864 -
834 2820 969 2898 sequitur
985 2837 1080 2880 annus
1095 2817 1174 2878 haud

212 2901 311 2963 dubiis
323 2901 496 2964 consulibus
506 2901 544 2964 M.
561 2904 692 2980 Geganio
707 2903 857 2964 Macerino
869 2905 979 2965 iterum
989 2903 1024 2964 T.
1037 2899 1174 2972 Quinctio

179 2983 377 3063 acepitelino
402 2986 536 3064 quintum
558 2986 689 3049 consule.
726 2986 806 3048 idem
831 2987 881 3047 hio
905 3005 1000 3049 annus
1025 3002 1170 3048 censurae
1272 3035 1273 3038 ,

212 3069 330 3130 initium
347 3070 418 3140 luit,
434 3071 480 3132 rei
494 3089 511 3132 a
525 3089 615 3150 parva
631 3072 748 3150 origine
762 3077 862 3141 ortae,
881 3089 957 3150 quae
968 3070 1075 3132 deinde
1091 3075 1174 3129 tanto
1272 3057 1273 3106 l

212 3154 396 3215 incremento
412 3162 496 3216 aucta
512 3161 624 3225 est,·ut
639 3171 755 3214 morum
774 3153 1007 3234 disciplinaeque
1023 3154 1173 3226 Romanae

212 3255 305 3314 penes
321 3255 386 3298 eam
397 3240 548 3316 regimen,
563 3245 682 3300 senatus
697 3239 888 3317 equitumque
900 3237 1068 3308 centuriae,
1085 3237 1172 3297 deco·

212 3321 254 3380 ris
270 3321 484 3399 dedecorisque
502 3322 662 3383 discrimen
682 3320 737 3382 sub
757 3322 874 3383 dicione
896 3323 960 3384 eius
974 3323 1171 3398 magistratus,

211 3401 400 3480 publicorum
422 3406 468 3466 ius
492 3407 734 3484 privatorumque
754 3405 888 3466 locorum
902 3403 1054 3482 vectigalia
1070 3400 1173 3483 populi

177 3486 194 3538 3
212 3483 338 3545 Romani
352 3485 407 3546 sub
424 3494 497 3547 nutu
512 3495 599 3568 atque
615 3488 739 3549 arbitrio
752 3496 859 3550 essent.
890 3495 989 3551 ortum
1004 3494 1102 3549 autem
1116 3487 1174 3547 ini·
1272 3563 1273 3572 ἵ
