2548 3954
215 226 312 278 LXXX
407 225 455 273 DE
472 224 544 274 'riri
566 223 652 272 mvn
666 223 750 272 VITA
765 223 809 272 ET
824 221 990 273 socieris.

215 384 373 460 leonumque
379 376 431 458 271)
439 383 499 441 eius
508 399 643 440 marmore
656 381 827 458 exsculptum
840 381 872 440 ab
878 379 1030 440 Alexandro
1037 379 1175 446 Mauo,

217 485 296 544 quem
311 468 470 529 'iomtsinm
489 463 733 542 praeclarissimum
752 465 922 540 antiquitatis
940 463 1075 523 cultorem
1089 465 1177 524 icisse

217 553 317 619 tradit,
335 551 436 610 ciuitati
451 551 524 609 dono
538 549 645 615 detrun,
662 550 689 608 ei
705 550 885 626 imposuisse.
898 557 929 607 et
943 547 1114 624 Alpnonsum
1134 565 1177 607 re·

217 635 435 711 gemdragoniue
447 633 726 710 perlegetoea.1451
739 651 771 692 os
785 634 961 709 brachiique
976 633 1007 689 i'.
1016 633 1107 690 Livius
1123 641 1178 690 mm

216 718 384 795 praedarum
397 736 469 795 epus
483 717 549 776 clim
563 718 727 794 scripsisset,
744 717 903 780 aiaovmis
918 716 1039 792 petiisse.
1055 715 1177 775 'Saeculo

215 813 306 864 autem
321 803 374 862 XV.
389 803 457 862 Livii
470 801 534 859 iibri
553 819 570 860 a
583 802 750 862 doctissimis
766 801 831 860 uiris
849 803 878 859 in
890 800 991 860 scheiis
1007 801 1177 876 iegebentun

217 887 434 963 explicabuntur,
449 885 674 952 emendtdentur,
691 887 763 944 inter
776 903 847 961 qum
864 884 1006 950 (inuium
1020 885 1177 943 [eccardus

218 972 345 1041 dratinus
362 969 412 1029 alii
428 970 616 1036 nominantur,
642 979 669 1029 et
684 979 795 1046 praeter
816 970 991 1030 mumdum
1006 962 1177 1042 Veiiem²⁷⁶).

218 1056 264 1130 qui
284 1054 362 1114 facile
385 1055 513 1131 princeps
525 1054 664 1114 hunencus
681 1063 739 1120 est,
763 1053 844 1112 etiam
860 1053 1015 1112 Victorinus
1029 1051 1178 1110 solemnis

218 1139 355 1204 laudator.
373 1139 410 1197 sd
423 1138 501 1198 cuius
524 1139 660 1214 eucapiae
682 1138 832 1215 principem
852 1137 919 1196 Livii
941 1136 1086 1194 editionem
1107 1137 1178 1212 typis

217 1223 383 1298 descriptam
400 1239 461 1282 esse
476 1222 624 1282 memoriae
639 1232 684 1281 est
700 1215 906 1298 proditum²⁷⁶).
1102 1295 1105 1300 .

281 1308 370 1382 Atque
389 1308 456 1366 haec
474 1307 582 1382 quidem
602 1308 687 1366 editio
706 1323 756 1382 per
776 1306 856 1364 door.
873 1305 1047 1381 sweynheim
1069 1313 1097 1362 et
1112 1306 1178 1361 Aru.

218 1391 408 1450 Pancartaium
429 1399 542 1449 curante
571 1399 599 1449 et
624 1393 772 1449 adornante
796 1391 894 1447 ioanne
915 1389 1021 1447 Andree
1045 1388 1179 1446 dieriensi

218 1475 357 1550 episeopo,
372 1474 420 1549 qui
435 1474 565 1548 quidquid
577 1491 640 1532 oum
651 1475 678 1531 in
691 1473 779 1530 literis
796 1482 852 1531 tum
868 1473 896 1530 in
910 1473 985 1530 Livio
999 1471 1178 1547 intelligendo

219 1557 367 1634 profecerit
382 1556 521 1616 Victorino
537 1575 567 1615 se
584 1557 686 1617 debere
701 1557 729 1615 in
753 1557 922 1632 praefatione
945 1555 1105 1632 profitetur,
1126 1557 1179 1614 iio·

219 1657 278 1700 mae
290 1642 416 1700 coniecta
430 1650 483 1705 est,
496 1651 526 1698 et
541 1658 612 1699 anno
631 1648 698 1704 1469
714 1671 751 1684 -
765 1659 852 1699 annus
866 1641 939 1699 enim
954 1657 1010 1698 nen
1026 1641 1178 1717 adscriptus

219 1735 263 1784 est
279 1757 315 1768 -
329 1727 357 1783 in
371 1724 458 1784 lucem
474 1725 608 1800 prodiisse
622 1733 743 1800 putatur.
775 1724 859 1793 Quam
875 1743 944 1801 quae
958 1725 1086 1800 deinceps
1103 1741 1167 1782 exce

220 1809 310 1886 perint
330 1827 411 1884 quam
427 1803 633 1884 plurimae²⁷²),
652 1810 771 1884 quidque
788 1809 895 1884 priores
910 1808 1030 1868 editores
1047 1809 1075 1866 in
1090 1826 1180 1865 emen·

114 1951 115 1956 ,
220 1893 315 1951 dandis
333 1893 400 1950 Livii
419 1892 497 1951 libris
517 1893 705 1968 praestiterint
718 1893 846 1969 persequi
868 1901 895 1951 et
910 1892 1023 1968 longum
1040 1901 1084 1950 est
1102 1901 1131 1950 et
1147 1893 1180 1949 ab

220 1977 301 2035 huius
316 1977 444 2036 editionis
460 1977 574 2036 oonsdio
591 1977 708 2036 alienum
724 1994 774 2035 nec
790 1977 1110 2041 itanecessarium,cun1
1127 1993 1180 2034 me·

220 2059 335 2119 lienibus
351 2060 428 2119 libris
446 2060 636 2136 manuscriptis
658 2070 704 2120 aut
719 2061 835 2136 repertis
852 2069 898 2119 aut
913 2057 1072 2138 diligentius
1087 2078 1181 2122 eacus·

221 2145 259 2202 sis
283 2162 315 2202 ex
337 2151 413 2202 tanto
433 2144 581 2202 editionum
605 2161 717 2203 numero
741 2161 841 2220 paucae
862 2145 893 2202 in
918 2144 1082 2204 emendando
1105 2154 1181 2203 textu

225 2292 412 2304 ...ψ-..κιαι

288 2357 349 2422 274)
368 2359 488 2411 Fietitium
500 2375 552 2411 esee
563 2360 611 2410 inm
623 2361 684 2410 inter
696 2375 778 2412 omnes
790 2367 889 2419 constat.
904 2375 924 2411 r.
937 2361 1062 2422 momen·
1074 2360 1104 2412 de
1117 2376 1144 2412 ea
1156 2375 1181 2410 rs

221 2427 362 2478 senientiam
374 2427 398 2476 in
409 2427 467 2478 edit.
480 2427 651 2478 Teuehnitiaur
663 2443 685 2477 a.
700 2424 773 2486 1829,
786 2443 807 2479 r.
820 2429 829 2480 1
841 2444 864 2493 p.
878 2428 940 2486 lee
955 2428 1092 2490 Pituntium
1104 2429 1182 2480 mimus

222 2502 286 2544 reete
303 2494 324 2544 ii
347 2493 439 2546 Claudii
454 2495 560 2546 diereeli
577 2495 703 2557 imaginem
721 2509 773 2547 esse
788 2495 898 2546 arbitrari
914 2494 986 2546 decet
996 2495 1118 2546 'romarici
1135 2497 1152 2546 1.
1165 2496 1180 2547 i.

222 2575 246 2626 p.
260 2557 301 2618 tc,
315 2563 346 2612 ei.
360 2561 438 2613 Hertz.
450 2563 539 2627 proles.
552 2578 576 2628 p.
588 2561 614 2613 V.
1264 2609 1265 2630 q

289 2627 350 2692 275)
369 2629 420 2679 i'id.
435 2629 464 2680 de
476 2631 579 2682 Guarirm
591 2629 745 2699 etnvictonieo
757 2630 824 2692 Vo'mt
836 2630 875 2680 ti.
888 2645 911 2694 p.
924 2628 1050 2686 2157ςῖὖὲ
1076 2630 1106 2680 de
1118 2629 1181 2681 Vadit
1264 2647 1265 2664 ³

223 2695 341 2746 Breienh.
355 2695 385 2746 de
397 2711 424 2746 eo
438 2696 547 2762 disputat.
562 2697 607 2748 acl.
620 2697 659 2746 XV
671 2711 694 2762 p.
708 2696 735 2746 v1
776 2713 809 2762 q..
822 2697 889 2760 Volet
900 2695 963 2754 ἳῖἳς
975 2695 1034 2748 cel.

290 2759 350 2824 276)
369 2763 470 2813 Gronov.
489 2763 762 2828 preeiet.ep.1)r.p.5
808 2779 843 2830 sq.
867 2763 1089 2816 socordissime
1108 2764 1182 2818 urdi-

224 2827 287 2877 disse
306 2828 384 2878 doeet.
408 2829 457 2890 ego
474 2845 550 2895 neque
566 2830 628 2880 hane
644 2845 719 2896 neque
736 2831 885 2896 insequentes
903 2829 1018 2882 edidones
1035 2837 1089 2884 tnta
1100 2829 1182 2883 Tarvi-

224 2895 314 2944 sienem
327 2895 356 2945 lV
367 2911 389 2945 a.
404 2893 477 2954 loeo,
489 2911 534 2961 qua
545 2905 606 2956 ntor,
619 2898 699 2948 ridere
709 2899 783 2962 potui.

291 2960 350 3024 277)
370 2963 500 3014 Recensum
517 2964 646 3015 editionum
664 2973 760 3026 egerunt
777 2965 848 3016 Micio.
862 2965 969 3016 iiatteire
981 2967 1006 3017 in
1018 2966 1102 3018 dnnal.
1115 2976 1182 3033 type·

224 3029 306 3094 greph.
320 3037 375 3080 tom.
388 3031 399 3080 i
411 3046 434 3094 p.
445 3027 482 3080 oo
493 3039 516 3081 et
526 3039 583 3082 tom.
596 3031 625 3082 iv
637 3047 662 3096 p.
674 3029 726 3082 283
736 3047 751 3082 a
763 3033 882 3084 Orakeub.
903 3033 1019 3092 laudatas,
1033 3034 1120 3085 deinde
1132 3037 1184 3102 ipse

224 3097 341 3148 Drakenis
360 3112 382 3147 r.
395 3097 441 3155 XV,
455 3096 477 3156 1.
488 3095 540 3148 628
551 3113 617 3164 sqq.;
634 3099 754 3164 dipentini
771 3100 795 3152 ia
808 3101 891 3151 notitia
902 3101 1007 3151 literaria
1019 3101 1074 3152 edit.
1088 3099 1182 3220 biqqnt

223 3165 233 3214 1
246 3164 355 3226 exem
364 3178 416 3230 sqq.
428 3167 572 3230 praemisse:
584 3165 692 3229 detestas
704 3167 729 3217 in
740 3168 885 3232 interpretat.
898 3169 1008 3220 Gomon.
1021 3169 1068 3226 el.
1080 3184 1104 3233 p.
1154 3195 1182 3206 -

225 3228 285 3287 let:
298 3232 422 3282 Fabricius
434 3233 458 3283 iu
470 3233 581 3285 Biblioth.
595 3234 646 3284 Lat
659 3249 680 3284 a.
694 3234 739 3298 ip.
752 3232 803 3284 ato
814 3249 865 3300 sqq.
880 3236 916 3286 ed.
930 3235 1036 3293 Ernesti;
1048 3235 1184 3299 Schweiqer

224 3297 249 3348 ic
266 3300 368 3380 memmi
385 3299 549 3382 {33508'3112
564 3300 590 3382 .¹·
602 3300 652 3350 524
663 3316 714 3366 sqq.
727 3302 767 3352 eii.
791 3303 818 3353 lc
835 3302 921 3353 iisdem
937 3303 1006 3354 libris
1018 3311 1185 3354 enumerantur

224 3367 1185 3504 coiissecoiissecommisissem:

225 3499 298 3548 etioni
311 3499 474 3550 iietzierianae
485 3509 531 3551 eta
546 3503 573 3552 Ι).
586 3503 713 3554 Geriaehlo
725 3504 829 3556 institute
842 3489 1035 3578 Hoffmannianae
1047 3506 1145 3556 inserta.
