2572 3956
279 251 374 294 musa
389 251 424 294 11.
457 251 525 293 oar.
542 243 584 298 28·
600 243 642 298 29.
676 235 716 312 [a.
738 233 771 295 G.
787 245 848 300 495·
865 231 926 316 494]
1036 236 1078 301 89

122 407 183 462 tum
198 400 309 460 ineunt
336 405 399 460 tum
414 416 483 460 roro
498 398 583 479 plebs
597 401 719 470 incerta,
736 399 836 478 quales
851 399 990 461 habitura
1005 417 1077 462 con·

122 481 201 544 eules
226 487 318 553 esset,
351 489 452 544 coetus
480 489 658 553 nocturnos,
686 501 756 562 pars
780 483 919 560 Esquiliis
948 500 1019 563 pars
1045 485 1078 543 in

122 566 281 635 Aventino,
303 565 415 636 lacere,
439 582 477 626 ne
498 568 529 625 in
550 565 616 626 loro
638 566 742 628 subitis
758 566 920 645 trepidaret
935 565 1076 638 consiliis,

123 657 152 711 et
172 649 271 709 omnia
293 655 405 710 temere
425 666 459 722 ac
481 649 601 710 fortuito
627 656 736 728 ageret.
770 668 834 712 eam
854 668 919 712 rem
941 649 1111 716 consuless

122 733 193 802 rati,
208 738 240 792 ui
257 739 332 802 erat,
348 733 545 811 perniciosam
560 733 596 794 ad
610 741 709 812 patres
723 734 866 804 deferunt,
886 733 938 795 sed
952 733 1078 795 delatam

122 814 278 878 consulere
294 816 398 877 ordine
415 830 476 877 non
491 814 588 877 licuit:
612 816 685 878 adeo
700 817 879 880 tumultuose
897 825 1017 896 excepta
1033 823 1078 878 est

122 898 302 961 clamoribus
316 899 447 978 undique
462 907 491 961 et
504 899 705 978 indignatione
722 909 855 981 patrum,
871 903 911 972 sl,
926 902 1006 978 quod
1021 901 1075 961 im-

121 983 206 1063 perio
221 982 370 1044 consulari
385 982 603 1060 exsequendum
618 992 710 1056 esset,
731 985 871 1046 inuidiam
892 987 955 1046 eius
970 1001 1076 1046 consu·

121 1066 166 1128 les
186 1065 222 1127 ad
248 1074 380 1128 senatum
401 1068 558 1128 reicerent.
595 1068 744 1146 proiecto,
768 1070 792 1130 si
811 1076 909 1130 esseut
928 1069 958 1128 in
974 1086 1008 1130 re
1022 1085 1076 1148 pu·
1095 1075 1112 1128 a

122 1148 199 1210 blioa
225 1151 427 1228 magistratus,
442 1148 556 1210 nullum
572 1151 702 1212 loturum
718 1153 807 1214 luisse
823 1151 935 1214 Romae
950 1152 1008 1213 nisi
1022 1168 1077 1231 pu-

120 1231 233 1294 blicum
248 1231 420 1294 concilium:
437 1235 560 1294 nuncin
571 1233 651 1296 mille
667 1237 764 1296 curias
776 1236 997 1312 contionesque,
1010 1252 1077 1296 cum
1094 1243 1112 1292 4

122 1314 178 1378 alia
192 1318 226 1376 in
243 1315 389 1394 Esquiliis,
408 1315 464 1378 alia
481 1319 513 1377 in
527 1317 669 1378 Aventino
680 1318 751 1378 liant
764 1316 897 1388 concilia,
915 1317 1095 1397 dispersam

123 1406 152 1462 et
165 1399 335 1479 dissipatam
353 1419 418 1462 esse
431 1417 495 1462 rem
509 1399 668 1480 publicam.
686 1418 778 1462 unum
793 1400 915 1463 hercule
929 1403 1024 1462 virum
1040 1435 1075 1446 -

121 1482 153 1544 id
178 1485 257 1545 enim
280 1483 347 1561 plus
373 1501 438 1545 esse
464 1501 552 1562 quam
578 1482 731 1546 consulem
758 1519 811 1556 -,
841 1483 935 1561 qualis
967 1485 1078 1564 Appius

122 1565 259 1630 Claudius
276 1567 373 1639 luerit,
392 1574 541 1629 momento
557 1569 700 1647 temporis
719 1567 920 1631 discussurum
930 1567 997 1630 illos
1010 1586 1077 1631 coe·

121 1658 169 1712 tus
191 1650 291 1712 luisse.
323 1651 454 1730 correpti
474 1650 626 1722 consules,
646 1669 729 1724 cum,
758 1653 828 1730 quid
844 1669 914 1730 ergo
930 1671 962 1714 se
978 1652 1112 1714 lacereb

122 1731 245 1805 vellent,
270 1733 343 1794 nihil
360 1735 437 1796 enlm
455 1735 574 1812 segnius
594 1733 747 1798 molliusve
764 1753 851 1814 quam
866 1734 1001 1815 patribus
1014 1735 1077 1816 pla·

123 1825 188 1878 ceat
212 1824 344 1888 acturos,
369 1824 653 1896 percunctarentur,
678 1818 858 1891 decernunt,
883 1827 916 1881 ut
938 1819 1078 1881 dilectum

122 1917 210 1979 quam
227 1902 404 1962 acerrimum
418 1899 561 1962 habeant:
580 1903 640 1962 otio
657 1901 792 1965 lascivire
804 1901 932 1982 plebem.
956 1903 1076 1965 dimisso
1094 1904 1113 1956 θ

122 1989 226 2046 senatu
248 1983 385 2050 consules
403 1985 435 2044 in
455 1983 584 2045 tribunal
603 1984 780 2054 escendunt;
797 1988 888 2047 citant
905 1987 1078 2048 nominatim

122 2068 263 2129 iuniores.
296 2085 364 2128 cum
382 2067 418 2128 ad
436 2084 545 2128 nomen
566 2085 654 2128 nemo
667 2070 878 2147 responderet,
899 2070 1078 2132 circumfusa

122 2149 277 2212 multitudo
288 2151 320 2211 ln
335 2152 480 2212 contionis
494 2151 615 2214 modum
628 2168 737 2230 negare
752 2151 828 2213 ultra
846 2153 942 2232 decipi
959 2151 1079 2232 plebem

121 2229 224 2313 po'sse,
243 2250 405 2312 numquam
422 2251 514 2294 uuum
537 2234 660 2296 militem
679 2233 848 2307 habituros,
864 2238 895 2297 ni
912 2243 1077 2316 praestaro·
1095 2252 1112 2302 7

121 2324 170 2379 tur
185 2317 258 2379 fides
273 2315 406 2396 publiea;
427 2316 593 2379 libertatem
615 2319 776 2397 uuicuique
799 2321 882 2397 prius
896 2319 1078 2382 reddendam

122 2420 188 2464 esse
204 2418 291 2479 quam
306 2417 386 2462 arma
402 2400 506 2470 danda,
526 2409 559 2460 ut
574 2418 630 2480 pro
644 2403 739 2480 patria
755 2401 935 2478 civibusque,
950 2420 1010 2463 non
1021 2421 1077 2482 pro

95 2509 99 2514 ·
123 2484 250 2547 dominis
271 2491 412 2562 pugnent.
443 2482 594 2555 consules,
619 2484 689 2562 quid
710 2484 881 2545 mandatum
906 2493 983 2546 esset
999 2504 1016 2546 a
1030 2493 1114 2547 set

122 2575 201 2638 natu,
219 2567 370 2636 ridebant;
385 2567 436 2628 sed
453 2583 565 2637 eorum,
583 2568 632 2644 qui
647 2568 867 2646 intra'parietes
883 2567 983 2629 curiae
997 2568 1076 2629 iero-

123 2651 196 2712 citer
211 2649 419 2727 loquerentur,
442 2651 592 2711 neminem
611 2649 714 2712 adesse
730 2649 856 2712 invidiae
871 2668 942 2712 suae
957 2651 1077 2730 partici-

122 2751 200 2814 pem.
231 2739 259 2794 et
276 2732 436 2812 apparebat
455 2740 540 2794 atrox
561 2750 628 2794 cum
647 2731 735 2812 plebe
752 2740 911 2796 certamen.
926 2735 1010 2814 prius
1024 2736 1077 2795 ita·
1095 2745 1116 2798 9

123 2833 181 2894 que
198 2833 285 2894 quam
303 2815 402 2877 ultima
418 2817 638 2894 experirentur,
655 2825 788 2878 senatum
802 2818 910 2880 iteruin
922 2816 1080 2880 consulere

123 2898 241 2978 placuit.
276 2906 340 2960 tum
365 2917 435 2961 uero
456 2900 493 2960 ad
513 2899 600 2962 sellas
623 2900 778 2962 consulum
801 2919 896 2980 prope
923 2901 1080 2964 convolare

123 2981 261 3043 minimus
282 2983 407 3060 quisque
430 2989 500 3043 natu
523 2990 640 3062 patrum
663 2983 802 3060 abdicare
830 2984 1015 3046 consulatum
1034 2987 1079 3045 iu-

122 3063 228 3125 bentes
249 3073 277 3126 ct
297 3066 448 3145 deponere
466 3065 639 3144 imperium,
655 3067 692 3127 ad
710 3067 789 3144 quod
807 3067 948 3128 tuendum
965 3069 1080 3128 animus

122 3147 247 3209 deesset.

185 3230 286 3292 XXIX.
316 3233 447 3311 Utraque
471 3251 505 3294 re
531 3234 601 3294 satis
622 3239 742 3312 experta
756 3239 819 3293 tum
838 3233 957 3294 demum
971 3239 1111 3294 consu-i

121 3313 179 3376 los:
211 3333 271 3386 „ne
294 3316 478 3395 praedictum
503 3317 631 3402 negetis,
662 3323 762 3395 patres
788 3315 963 3394 conscripti,
997 3316 1080 3378 adest

121 3399 226 3475 ingens
249 3399 364 3461 seditio.
397 3397 594 3480 postulamus,
618 3405 650 3460 ut
668 3400 704 3470 ii,
725 3401 776 3477 qui
790 3399 917 3461 maxime
933 3399 1079 3477 ignaviam

120 3481 293 3560 increpant,
319 3483 416 3546 adsint
440 3481 527 3544 uobis
554 3480 733 3546 habentibus
759 3481 908 3544 dilectum.
939 3483 1078 3546 acerrimi
