2572 3956
233 245 329 286 nnraa
344 245 379 287 11.
401 242 461 285 cnr
486 237 511 287 l.
539 223 578 306 [a
593 245 624 285 u.
643 247 669 285 e.
685 236 745 290 245.
763 247 789 286 a.
806 226 831 287 C
856 227 918 304 509]
1009 231 1050 294 63

93 404 136 446 tes
147 402 274 446 mecentos
286 406 352 442 esse.
364 406 470 454 qaorum
481 393 645 444 admiratione
657 402 758 444 coaetus
768 392 896 444 Porsenna
907 394 976 459 pacis
988 407 1048 444 oon·

97 462 212 513 diciones
229 459 294 510 lerre
310 458 405 508 bellum
421 460 504 509 omisit
520 461 629 526 acceptis
653 460 793 511 obsidibus.
822 475 855 510 ex
872 461 962 522 quibus
979 460 1051 524 virgo

98 543 149 579 una
167 527 261 578 Cloelia
278 525 389 592 deceptis
407 527 553 578 custodibus
565 542 610 593 per
626 528 736 577 Tiberim
747 527 780 577 ad
791 541 851 577 suos
864 528 1015 587 transnavit,
1028 535 1053 576 et

97 609 156 646 eum
167 594 266 644 reddita
278 601 352 652 esset,
365 593 514 642 aPorsenua
526 593 662 644 honorilice
674 594 778 643 remissa
790 595 898 658 equestri
910 603 992 642 statua
1005 593 1050 643 do·

97 672 158 711 nata
177 668 223 710 est.
247 660 369 709 adversus
381 660 544 723 Tarquinium
556 660 698 727 Superbum
715 674 772 710 eum
784 659 929 710 Latinorum
940 660 1052 709 exercitu

97 728 193 778 bellum
203 725 352 776 inlereutem
364 726 445 776 Aulus
456 727 599 777 Postumius
611 728 717 778 dictator
727 742 848 793 prospere
857 727 989 793 pugnavit.
1001 727 1051 792 Ap.

98 795 219 846 Claudius
238 808 271 842 ex
288 791 387 842 Sabinis
400 793 506 842 Romam
522 795 669 859 transfugit:
687 796 719 845 ob
736 793 785 844 boe
799 794 902 844 Claudia
913 794 993 843 tribus
1006 793 1051 843 ad·

95 864 163 912 lecta
181 868 228 910 εει.
251 874 370 910 numerus
388 859 499 910 tribuum
515 860 649 926 ampliatus
666 873 718 921 est,
741 870 769 910 ut
785 869 871 910 essent
886 861 977 926 viginti
993 874 1054 910 una.

96 929 171 996 plebs
188 941 246 976 cum
257 935 360 992 propter
371 940 452 976 nexos
468 927 500 977 ob
518 942 561 978 aes
574 928 682 978 alienum
694 928 720 976 iu
733 927 836 978 Sacrum
847 936 958 976 montem
969 942 1054 977 seces·

96 997 188 1055 sisset,
212 993 316 1044 consilio
339 993 439 1043 Meneni
455 994 583 1060 Agrippae
601 1009 616 1043 a
633 995 755 1044 seditione
779 1005 895 1044 revocata
912 1002 960 1044 est.
988 995 1055 1044 idem

96 1063 212 1128 Agrippa
224 1075 281 1110 eum
293 1060 452 1120 decessisset,
464 1071 568 1127 propter
575 1070 747 1127 paupertatem
759 1061 860 1127 publico
870 1061 991 1126 inpendio
1003 1060 1053 1110 ela·

97 1139 139 1182 tus
157 1138 205 1178 εει.
234 1127 329 1177 tribuni
344 1126 426 1190 plebis
447 1128 557 1192 quinque
573 1129 650 1177 creati
668 1136 736 1178 suut.
766 1129 888 1193 oppidum
903 1126 1055 1177 Volscorum

99 1195 191 1247 Corioli
204 1203 305 1260 captum
317 1203 355 1242 εει
366 1195 458 1243 virtute
469 1205 494 1244 et
506 1209 581 1261 opera
595 1194 640 1244 Cn.
652 1195 738 1255 Marci,
751 1195 794 1258 qni
805 1195 836 1245 ob
847 1193 895 1244 hoe
909 1193 1057 1244 Coriolanus

97 1272 202 1313 vocatus
221 1270 267 1310 εει.
290 1261 319 1311 Τ.
332 1261 454 1320 Latinius,
472 1262 511 1310 vir
528 1262 560 1310 de
571 1261 660 1326 plebe,
677 1275 734 1310 cum
746 1261 772 1310 iu
784 1263 841 1310 visu
853 1261 1010 1320 admonitus,
1027 1269 1057 1310 ut

99 1330 132 1379 de
149 1327 301 1392 quibusdam
317 1326 482 1392 religionibus
504 1328 537 1377 ad
556 1337 672 1377 senatum
691 1327 826 1392 perferret,
845 1327 872 1376 ld
893 1327 1055 1392 neglexisset,

99 1396 192 1448 amisso
214 1395 265 1444 lilio
288 1393 396 1460 pedibus
414 1395 504 1445 debilis
522 1395 603 1445 lactus
619 1404 754 1460 postquam
771 1394 869 1445 delatus
886 1394 919 1443 ad
941 1403 1056 1444 senatum

98 1463 187 1512 lectica
199 1462 288 1511 eadem
298 1461 342 1510 illa
353 1461 520 1521 indicaverat,
537 1477 587 1512 usu
597 1463 692 1528 pedum
702 1470 803 1526 recepto
821 1462 923 1511 domum
939 1475 1056 1510 reversus

99 1538 147 1579 εει.
172 1543 228 1578 eum
246 1525 291 1578 Cn.
304 1527 413 1578 Marcius
426 1527 587 1589 Coriolanus,
606 1529 685 1593 quiin
699 1528 801 1578 exilium
818 1536 870 1577 erat
885 1527 989 1590 pulsus,
1003 1528 1057 1577 dax

99 1596 249 1647 Volscorum
267 1594 348 1644 iactus
368 1595 504 1644 exercitum
522 1595 633 1646 hostium
643 1596 700 1645 urbi
717 1595 883 1653 admovisset,
902 1603 926 1643 et
941 1595 1012 1644 missi
1023 1593 1054 1644 ad

99 1679 158 1714 eum
169 1663 277 1729 primum
293 1660 382 1728 legati,
399 1672 488 1728 postea
505 1663 648 1712 sacerdotes
665 1663 758 1712 bunna
769 1661 896 1726 deprecati
908 1669 1006 1720 essent,
1024 1676 1056 1710 ue

98 1731 193 1782 bellum
208 1729 304 1796 patriae
319 1728 435 1788 inierret,
454 1729 557 1780 Veturia
573 1738 652 1779 mater
669 1738 694 1779 et
704 1729 840 1778 Volumnia
856 1742 922 1777 uxor
937 1729 1055 1793 impetra·

99 1805 190 1848 verunt
207 1797 239 1846 ab
257 1809 301 1855 eo,
317 1804 347 1845 ut
363 1796 500 1846 recederet.
521 1795 565 1846 lex
581 1797 679 1862 agraria
695 1796 803 1860 primam
818 1795 868 1844 lata
880 1802 927 1844 εει.
950 1793 1057 1858 Spurius

102 1864 204 1915 Cassius
220 1862 359 1913 consularis
375 1863 447 1928 regni
463 1863 565 1912 crimine
583 1863 716 1913 damnatus
732 1871 771 1912 est
782 1870 945 1924 necatusque.
969 1860 1058 1924 Opillia

102 1933 171 1996 virgo
189 1929 298 1980 Vestalis
323 1929 355 1978 ob
371 1929 496 1979 incestum
512 1929 570 1978 viva
589 1929 691 1980 defossa
707 1937 754 1978 εει.
778 1942 836 1978 cum
852 1927 928 1977 vieini
938 1927 1057 1977 Veientes

100 1997 253 2049 incommodi
270 1996 350 2060 magis
362 2010 438 2059 quam
454 2010 544 2060 graves
557 2004 650 2054 esseut,
668 1995 762 2045 iamilia
778 1995 911 2045 Fabiorum
926 1994 953 2044 ld
964 1994 1057 2043 bellum

101 2065 240 2131 gerendum
253 2064 414 2128 depoposcit,
431 2064 549 2126 misitque
560 2063 587 2112 in
598 2063 625 2112 id
637 2070 761 2112 treeentcs
773 2077 820 2112 sex
831 2069 953 2122 armatos,
971 2062 1014 2124 qui
1025 2062 1058 2110 ad

103 2132 245 2185 Cremeram
261 2138 359 2194 praeter
376 2144 454 2179 unum
471 2130 503 2179 ab
519 2127 636 2180 hostibus
653 2130 721 2178 eaesi
735 2138 803 2180 sunt.
826 2128 925 2196 ¹Appius
939 2127 1058 2178 Claudius

102 2198 204 2258 consul,
222 2211 279 2246 eum
295 2197 417 2246 adversus
433 2196 543 2246 Vulseos
560 2196 718 2246 contumacia
735 2196 860 2246 exereitus
877 2195 943 2244 male
958 2209 1056 2260 pugna·

101 2277 155 2317 tum
173 2272 255 2324 εεεει,
273 2263 398 2313 decimum
415 2277 541 2327 quemque
557 2263 664 2313 militum
680 2262 746 2313 iuste
762 2262 895 2328 percussit.
927 2277 968 2312 res
984 2275 1057 2329 prae·

102 2343 170 2383 terea
186 2332 307 2381 adversus
318 2329 427 2379 Vulseos
440 2338 465 2378 et
476 2329 596 2380 liernieos
613 2339 638 2380 ει
655 2330 787 2390 Veientes,
806 2338 830 2379 et
847 2329 983 2380 seditiones
995 2329 1062 2378 inter

103 2409 187 2466 patres
199 2398 349 2464 plebemque
361 2397 479 2447 eontinet.

230 2583 305 2645 'l'l'l'l
321 2583 395 2645 lel
409 2582 456 2644 AB
472 2581 572 2644 URBE
591 2581 752 2646 CONDITA
768 2579 881 2642 LIBER
895 2579 931 2641 fl.

163 2725 194 2787 l.·
218 2725 320 2787 liberi
340 2723 399 2784 iarn
419 2721 490 2782 hinc
503 2717 607 2799 populi
621 2717 747 2777 Romani
765 2733 815 2776 res
829 2732 902 2792 pace
920 2713 1185 2793 belloque-...a-

105 2815 215 2888 gestas,
235 2825 349 2870 annuos
369 2805 555 2883 magistratus
574 2801 759 2879 imperiaque
778 2798 878 2876 legum
895 2799 1068 2877 potentiora·

106 2911 192 2972 quarn
214 2891 368 2953 hominum
386 2905 536 2967 peragam.
567 2903 642 2964 quae
663 2882 785 2944 libertas
806 2889 839 2943 ut
854 2880 959 2944 laetior
973 2886 1096 2953 esseae

105 2977 241 3056 proxumi
261 2977 341 3053 regis
361 2971 499 3051 superbia
525 2970 644 3031 iecerat.
675 2984 744 3026 nam
764 2966 880 3045 priores
900 2968 939 3027 ita
953 2983 1059 3044 regna·

105 3067 187 3132 runt,
210 3067 242 3121 ut
261 3058 340 3119 haud
362 3058 500 3116 inmerito
525 3069 628 3114 omnes
649 3051 789 3129 deinceps
811 3050 977 3110 conditores
990 3068 1059 3128 par·

106 3146 177 3205 tium
192 3151 273 3204 certe
288 3141 381 3211 urbis,
397 3156 470 3216 quas
487 3155 578 3199 novas
590 3136 648 3214 ipsi
665 3134 750 3196 sedes
767 3133 803 3194 ab
818 3153 849 3194 se
864 3140 965 3193 auctae
984 3130 1060 3191 mul·

106 3227 238 3289 titudinis
253 3224 437 3294 addiderunt,
455 3227 658 3284 numerentur.
688 3233 786 3294 neque
801 3214 972 3294 ambigitur,
989 3215 1061 3291 quin

107 3311 215 3374 Brutus
243 3311 332 3379 idern,
358 3309 409 3386 qui
434 3313 546 3366 tantum
574 3302 686 3382 gloriae
706 3300 841 3380 Superbo
864 3305 966 3361 exacto
989 3315 1061 3376 rege

108 3397 229 3468 meruit,
250 3394 379 3473 pessimo
402 3388 522 3469 publico
546 3388 576 3449 id
595 3388 726 3448 lecturus
750 3385 853 3455 inerit,
875 3385 900 3444 si
918 3381 1061 3445 libertatis

108 3479 273 3541 inmaturae
288 3475 425 3555 cupidine
445 3473 579 3552 priorum
599 3485 703 3547 regum
718 3466 806 3529 alicui
825 3484 950 3546 reguum
965 3475 1063 3527 extor-
