2548 3954
271 225 371 278 nrnnn
386 226 408 268 1.
440 225 509 268 oar.
524 219 568 273 32.
600 210 640 288 [a.
662 209 695 270 O.
712 207 838 295 ota-616]
993 215 1033 276 35

78 393 145 438 ease
159 389 286 452 regnum
299 373 364 436 rati.
393 375 523 439 Medium
539 383 601 438 erat
613 375 645 439 in
657 374 738 438 Anco
754 377 913 456 ingenium,
930 386 959 440 et
972 377 1031 442 Nu·
1049 387 1065 434 a

79 477 145 520 mae
169 463 198 522 et
215 455 333 520 Romuli
353 475 487 528 memore
505 465 533 520 et
553 465 761 541 praeterquam
782 460 860 538 quod
876 463 922 524 ari
938 479 1031 539 regno

78 544 172 620 magis
193 541 391 604 uenenarium
410 541 502 606 ,leuse
521 559 628 624 pacem
656 541 796 610 credebat
817 561 884 610 curn
904 546 937 607 in
955 563 1031 608 novo

78 634 140 686 tum
154 625 249 688 feroci
264 623 386 704 populo,
410 627 497 690 etiarn
516 626 595 704 quod
608 625 653 687 illi
667 627 837 709 contigisset
850 629 952 700 otium.
968 629 1030 694 sine

78 711 198 771 iniuria,
209 708 240 771 id
254 726 287 772 se
303 707 382 772 haud
398 709 483 772 facile
495 707 682 776 habiturum:
707 718 765 778 tem
787 711 844 776 tari
862 713 1029 794 patientiam

79 799 108 854 et
118 798 287 936 tequmam
299 795 458 864 contemni,
469 800 661 874 temporaque
674 813 750 858 esse¹
771 793 831 860 ullo
841 797 906 874 regi
917 793 1030 874 aptiora

78 894 167 954 quam
208 891 302 938 urnae.
332 881 365 938 ut
379 883 493 948 minen,
510 879 649 956 quoniam
661 877 755 943 Numa
771 879 803 940 in
823 897 897 960 pace
912 878 1031 957 religio·
1049 889 1065 940 u

78 978 132 1022 nes
152 958 339 1030 instituisset,
368 977 384 1020 a
409 979 442 1027 se
463 959 588 1025 bellicae
609 962 804 1027 caerimoniae
823 962 1030 1048 proderentur,

77 1061 135 1104 nec
151 1048 326 1121 gererentur
340 1041 436 1107 solum
452 1044 505 1110 sed
521 1047 608 1108 ettam
622 1045 825 1111 indicerentur
839 1045 918 1111 bella
932 1046 1030 1126 aliquo

76 1129 158 1212 ritug
171 1127 217 1188 ins
234 1119 270 1189 ab
288 1128 410 1207 antiqua
418 1134 511 1208 ‚perte
524 1127 708 1206 Aequiculis,
729 1129 808 1208 prod
823 1147 903 1196 nunc
916 1129 1030 1196 latiales

77 1209 196 1282 habent,
212 1209 375 1292 descripsit,
393 1228 450 1288 qno
465 1229 516 1274 res
530 1219 713 1292 repetuntur.

140 1293 267 1374 Lepus
279 1291 333 1354 uhi
346 1294 383 1362 ad
394 1295 468 1359 ures
480 1313 583 1356 emma
593 1295 682 1366 nouit,
698 1295 777 1358 unde
788 1301 1030 1375 resrepetuntur.
1049 1303 1066 1354 u

78 1379 174 1457 capite
193 1375 286 1438 uelato
306 1376 357 1438 illo
379 1411 415 1422 -
432 1377 518 1444 bueo
538 1377 671 1444 ruanen
691 1385 735 1442 est
754 1413 789 1424 -
807 1380 912 1450 „ultdb¹
932 1379 1031 1460 luppi-

77 1469 143 1524 ter“
162 1461 273 1540 inquit,
295 1461 414 1532 „uduo
432 1461 528 1527 urae
548 1495 584 1511 -
609 1464 819 1541 cuiuscumque
839 1463 934 1542 gentis
953 1471 1029 1531 suut

77 1545 211 1608 nominat
224 1575 273 1614 -··‚
285 1545 403 1615 ,acuat
416 1545 474 1611 ias!
492 1563 546 1626 epo
563 1564 628 1610 sum
643 1545 781 1624 publicus
793 1549 912 1614 nantino
930 1545 1031 1627 pupuli

77 1628 218 1696 Romani;
239 1629 316 1689 iuste
335 1630 442 1707 pieque
463 1627 577 1710 legatus
593 1631 678 1692 venio
699 1629 855 1716 verbisque
869 1631 944 1697 meis
959 1627 1031 1693 tides

77 1714 147 1774 sit.“
170 1712 291 1792 peregit
311 1711 418 1777 deinde
435 1711 589 1792 pascuae.
614 1713 688 1776 inde
711 1713 811 1781 Iouem
828 1714 1030 1783 testomvfecit:
1050 1718 1064 1767 7

79 1797 125 1866 „si
145 1813 199 1873 ego
221 1795 330 1859 intuta
343 1796 484 1876 inpieque
499 1796 566 1878 illes
574 1795 715 1863 homiues
730 1797 853 1876 illasque
866 1815 916 1865 ros
931 1798 1032 1864 dedier

77 1879 151 1941 mibi
165 1897 308 1957 exposco,
323 1886 386 1948 tom
404 1881 517 1962 patriae
539 1887 707 1960 compotem
718 1899 769 1945 rue
787 1897 947 1962 nimquam
964 1881 1031 1950 siris

78 1971 174 2026 eseer‘
196 1961 281 2032 leaeo,
307 1981 376 2031 ctam
390 1963 465 2031 dues
481 1963 694 2044 suprascandit,
710 1963 793 2034 haec,
810 1965 989 2045 purumque
1004 1965 1032 2026 ei
1049 1977 1066 2026 s

76 2046 191 2126 primus
208 2047 252 2109 vir
273 2045 376 2113 obnisus
395 2047 502 2120 luerit,
521 2047 595 2110 baec
617 2055 733 2127 portam
748 2045 934 2128 ingrediens,
958 2047 1032 2112 haec

76 2131 176 2191 forum
189 2131 343 2209 ingresus
349 2132 451 2212 paucis
464 2130 563 2194 verbis
572 2131 714 2195 carminis
726 2130 972 2210 concipiendique
987 2132 1032 2194 iu·

76 2214 119 2275 ris
132 2213 250 2276 iurandi
264 2214 380 2278 urunt‘u
390 2215 519 2298 peragit
534 2215 561 2276 si
570 2231 631 2278 non
643 2212 794 2282 duonum
803 2231 878 2292 quos
888 2215 1030 2301 exposcit,
1049 2221 1066 2272 e

77 2295 184 2359 diebus
207 2295 303 2360 tribus
323 2304 353 2364 et
375 2298 495 2376 triginta
513 2331 548 2342 -
566 2303 611 2361 tot
634 2299 713 2362 enim
734 2296 892 2362 sollemnes
910 2305 979 2364 sunt
993 2331 1029 2350 ..-

76 2380 207 2460 peractis
221 2377 332 2447 bellum
346 2382 388 2442 ita
396 2381 518 2444 indicit:
535 2381 624 2452 ,andi
642 2380 774 2462 luppiter
784 2389 819 2442 et
829 2388 866 2448 ¹tu
879 2381 949 2446 lano
963 2377 1032 2452 Qut·
1054 2375 1084 2426 ¹⁰

76 2465 144 2529 rinc
162 2463 262 2542 diique
278 2482 381 2533 omnes
396 2463 537 2536 caelestes
557 2481 667 2548 vosque
689 2471 845 2530 terrestres
858 2465 1032 2550 rosquaiu·

76 2549 155 2610 terni
166 2547 281 2614 auditel
305 2565 360 2626 eqo
373 2566 425 2612 ros
439 2555 547 2619 testor,
564 2547 707 2630 populum
723 2547 827 2613 iuun‘
844 2581 880 2592 -
899 2549 1032 2628 quicum·

77 2649 136 2709 quc
151 2637 203 2700 est,
219 2631 352 2695 nominat
364 2665 399 2679 -
416 2633 578 2704 ‚inlusum
591 2649 782 2710 saturnoque
795 2631 841 2694 ius
852 2629 1031 2710 persolvere.

77 2715 131 2778 sed
158 2713 195 2776 de
215 2715 278 2778 istis
301 2713 392 2777 rebus
412 2717 444 2780 in
462 2717 562 2794 :patria
584 2715 715 2781 maiores
739 2721 810 2776 natu
835 2711 1032 2785 consulemus,

78 2816 138 2877 que
150 2801 300 2876 pacto-ius
315 2807 449 2868 nostrum
463 2799 691 2878 adipiscamu.“
711 2817 784 2866 cum
795 2799 963 2866 lisnuntius
973 2797 1032 2865 uo·

77 2899 157 2945 mam
172 2881 210 2944 ad
223 2879 438 2952 consulendum
450 2883 537 2952 rasit.
561 2881 719 2954 contamino.
728 2901 784 2947 rex
799 2881 846 2944 his
863 2883 957 2970 sermo
968 2899 1031 2943 ver·
1054 2885 1081 2936 ll

77 2964 127 3030 bis
148 2972 247 3043 puros
269 2965 457 3034 consulebat:
479 2983 625 3044 „quarum
642 2963 857 3050 rernml'rtium
879 2983 1033 3030 causarum

78 3048 211 3110 condixit
222 3056 306 3128 pater
318 3057 452 3129 patratus
466 3049 568 3132 populi
582 3049 708 3113 Romam
723 3047 880 3122 Quiritium
891 3051 968 3128 patri
981 3067 1032 3127 pa·

77 3139 154 3194 trato
169 3133 341 3197 erucarum
354 3131 527 3196 Latinorum
539 3131 769 3214 hominibusque
787 3133 897 3197 Priscis
910 3131 1030 3202 latinis,

78 3235 153 3295 quas
172 3235 222 3278 res
244 3233 299 3298 nee
311 3216 464 3282 ,dederunt
480 3234 537 3280 nec
554 3215 705 3283 solverunt
717 3233 773 3282 nco
787 3217 937 3285 lecerunt,
956 3232 1031 3294 aquas

77 3319 127 3364 res
139 3300 284 3376 derideri
297 3298 522 3380 redoperuit,
537 3299 615 3366 uice
633 3300 730 3378 taque
742 3299 1031 3380 aequanimam

74 3381 397 3464 sentsnuanrrogahat,
413 3384 503 3462 „qnid
515 3381 804 3451 censosl“tumille:
817 3383 1033 3500 „ppropthpe
1052 3383 1082 3434 1²
