2548 3954
332 249 427 293 11111
443 251 465 296 1.
493 249 563 292 111.
579 242 679 297 4141.
705 235 744 312 [a.
761 233 796 296 O.
812 236 941 314 ild-578]
1074 241 1114 302 13

164 401 241 480 lpse,
257 401 387 460 tenuerit
399 415 539 477 regnum,
557 401 652 463 donec
669 403 700 462 in
718 403 806 462 terris
820 401 923 471 luerit,
939 401 970 464 id
986 403 1113 473 Seruius,

163 501 246 546 serva
266 489 367 554 uatus,
382 483 538 564 possideat.
572 502 638 547 cum
661 503 816 547 commune
838 485 964 546 Romani
987 489 1114 550 nominis

163 575 225 626 tum
241 567 402 646 praecipue
418 567 450 628 id
464 566 568 630 domus
583 585 654 630 suae
672 568 801 633 dedecus
816 569 890 640 iore,
908 567 934 632 sl
947 570 1021 632 Anci
1034 572 1114 650 regis

164 647 240 710 virili
265 652 357 728 stirpe
381 649 459 712 salva
486 668 546 712 non
570 653 659 714 modo
685 653 805 714 advenis
831 653 883 715 sed
906 655 999 715 servis
1028 656 1116 716 etiam

162 751 288 812 regnum
309 729 420 795 Romae
439 740 562 814 pateret.
591 736 673 798 ferro
695 738 785 814 igitur
808 755 873 798 eam
889 753 993 800 arcere
1012 745 1149 799 contu-e

163 816 281 880 mollem
310 823 448 879 statuunt.
483 819 536 881 sed
561 828 590 882 et
613 821 741 882 iniuriae
765 819 849 881 dolor
871 821 902 880 in
922 821 1115 899 Tarquinium

162 903 259 980 ipsum
280 901 375 980 magis
395 917 483 979 quam
500 905 533 964 in
558 905 693 966 Servium
716 921 767 966 eos
789 903 970 976 stimulabat,
995 912 1025 967 et
1046 907 1114 982 qula

162 985 279 1064 gravior
292 983 371 1046 ultor
387 985 493 1062 caedis,
512 987 537 1048 si
551 995 728 1068 superesset,
745 1006 800 1050 rex
814 988 931 1050 iuturus
949 997 1012 1050 erat
1027 1005 1114 1067 quam

106 1090 111 1103 ·
161 1069 306 1148 privatum
323 1069 501 1132 conservio
519 1073 851 1150 occisoquemcumque
867 1071 956 1133 alium
971 1089 1114 1150 generum

162 1151 327 1230 delegisset,
346 1153 473 1214 eundem
485 1155 572 1232 regni
586 1155 727 1217 heredem
743 1155 875 1216 facturus
891 1155 1044 1217 ridebatur
1058 1173 1121 1254 -ι

163 1235 200 1296 ob
221 1235 296 1298 baec
319 1237 376 1316 ipsi
396 1237 462 1314 regi
484 1238 608 1300 insidiae
629 1246 781 1318 parantur.
815 1256 851 1299 ex
871 1237 1039 1317 pastoribus
1055 1238 1148 1299 duno

162 1319 338 1381 ferocissimi
351 1318 458 1382 delecti
472 1319 509 1380 ad
525 1321 647 1391 lacinus,
664 1319 771 1399 quibus
786 1323 919 1382 consueti
934 1327 1017 1382 erant
1033 1328 1113 1382 uter-

163 1420 220 1480 que
237 1403 402 1480 agrestibus
417 1404 612 1474 ferramentis,
630 1407 662 1466 in
678 1403 823 1466 vestibulo
838 1406 938 1484 regiae
957 1421 1045 1482 quam
1060 1421 1113 1482 po·

161 1493 245 1549 tuere
258 1485 518 1549 tumultuosissime
534 1489 633 1568 speeie
652 1489 735 1550 rixae
751 1489 783 1548 in
798 1507 830 1549 se
847 1505 950 1550 omnes
965 1490 1113 1568 apparito-

161 1588 211 1632 res
231 1572 330 1648 regios
351 1577 531 1653 conuertunt.
563 1573 648 1644 inde,
669 1590 736 1632 cnm
757 1570 844 1632 ambo
865 1589 969 1650 regem
984 1570 1113 1650 appelle·

160 1659 229 1716 rent
245 1653 415 1732 clamorque
431 1673 535 1716 eorum
548 1658 667 1735 penitus
681 1657 713 1716 in
726 1657 839 1734 regiam
856 1657 1048 1734 pervenisset,
1062 1673 1113 1715 vo·

162 1739 219 1799 cati
237 1737 273 1798 ad
294 1755 396 1816 regem
411 1745 546 1818 pergunt.
577 1741 674 1819 primo
690 1745 814 1816 uterque
834 1736 991 1802 1111111111
1005 1744 1034 1800 et
1048 1756 1113 1800 cer·
1130 1742 1148 1795 o

161 1823 243 1884 tatim
266 1821 340 1885 alter
365 1819 450 1883 alteri
471 1821 652 1902 obstrepere.
685 1824 805 1884 coerciti
825 1818 862 1882 ab
880 1821 984 1883 lictore
999 1829 1028 1884 et
1041 1821 1114 1882 iussi

160 1907 192 1968 lu
213 1906 305 1968 vicem
327 1903 426 1967 dicere
444 1905 563 1967 tandem
587 1905 708 1984 obloqui
729 1905 887 1974 desistunt:
908 1923 985 1967 unus
999 1923 1063 1966 rem
1078 1923 1113 1966 ex

162 1990 314 2068 conposito
329 1989 452 2050 orditur.
476 1989 545 2050 dum
559 1991 688 2052 intentus
705 1991 736 2049 ln
751 2006 819 2050 eum
834 2007 866 2050 se
876 2006 930 2050 rex
940 1995 1019 2050 totus
1030 2005 1112 2050 aver·
1131 1997 1147 2047 τ

161 2079 250 2144 teret,
266 2069 339 2134 alter
357 2071 461 2134 elatam
477 2075 605 2135 securim
621 2075 652 2132 in
668 2080 755 2152 caput
770 2072 886 2144 deiecit,
904 2071 1068 2150 relictoque
1081 2072 1113 2132 in

162 2156 283 2219 vulnere
297 2155 357 2218 telo
373 2156 460 2218 ambo
476 2177 508 2219 se
523 2157 602 2218 foras
621 2158 738 2218 eiciunt
772 2173 774 2180 ·

222 2239 294 2302 XLI.
324 2239 519 2320 Tarquinium
539 2239 750 2302 moribundbm
774 2257 841 2305 cum
864 2241 915 2320 qui
934 2240 1013 2301 circa
1030 2244 1146 2300 erant1

162 2325 359 2404 excepissent,
380 2323 448 2386 illos
472 2324 618 2403 fugientes
631 2325 750 2386 lictores
773 2323 1025 2403 conprehendunt.
1055 2321 1113 2383 cla-

161 2426 226 2469 mor
240 2408 309 2468 inde
327 2425 548 2486 concursusque
562 2407 665 2487 populi
679 2411 857 2478 mirantium,
879 2406 949 2485 quid
966 2409 1011 2468 rei
1026 2413 1112 2468 esset.

161 2489 303 2571 Tanaquil
317 2492 394 2554 iuter
405 2490 562 2552 tumultum
574 2490 671 2552 claudi
684 2493 797 2569 regiam
808 2490 898 2560 iubet,
911 2489 1039 2550 arbitros
1053 2491 1112 2550 eie·

161 2577 214 2643 cit:
230 2573 317 2636 simul
338 2592 413 2654 quae
429 2575 559 2636 curando
573 2573 689 2636 vulneri
703 2591 777 2654 opus
792 2580 868 2643 sunt,
885 2580 1034 2650 tamquam
1045 2589 1113 2650 spes

160 2657 308 2728 subesset,
333 2655 435 2720 sedulo
450 2665 606 2737 conparat,
630 2656 731 2728 simul,
752 2659 777 2720 sl
798 2657 936 2719 destituat
953 2673 1035 2736 spes,
1056 2653 1113 2715 alla

160 2741 306 2822 praesidia
327 2741 457 2806 molitur.
491 2741 592 2804 Servio
614 2757 745 2822 propere
764 2743 857 2803 accito
873 2757 939 2801 cum
954 2757 1049 2818 paene
1063 2757 1112 2800 ex·
1130 2747 1147 2796 2
1210 2761 1217 2784 ··

161 2842 302 2904 sanguem
318 2826 414 2886 virum
431 2826 615 2896 ostendisset,
630 2825 763 2886 dextram
777 2831 881 2888 tenens
897 2821 1112 2893 1111111111-

161 2916 219 2968 tam
239 2916 364 2972 mortem
384 2911 495 2982 soceri,
517 2927 556 2972 ne
573 2927 692 2971 socrum
709 2911 836 2970 inimicis
851 2907 979 2970 ludibrio
994 2924 1058 2969 esse
1073 2908 1112 2967 si-

161 3000 219 3052 nat.
252 2999 355 3062 „tumn
370 2999 433 3055 est“
449 2995 561 3072 inquit,
584 2993 704 3064 „Servi,
720 2995 745 3054 si
760 2995 804 3054 vir
822 3011 867 3062 es,
887 3007 1029 3070 regnum,
1052 2997 1146 3051 nont

161 3093 281 3146 eorum,
314 3075 365 3154 qui
388 3077 492 3139 alienis
519 3077 654 3139 matribus
678 3077 838 3156 pessimum
863 3076 977 3138 lacinus
1003 3075 1112 3134 iecere.

160 3161 242 3236 erige
256 3165 286 3221 te
304 3160 434 3238 deosque
450 3161 539 3222 duces
554 3177 695 3238 sequere,
712 3161 762 3237 qui
777 3158 889 3220 clarum
902 3158 959 3218 hoc
979 3157 1044 3219 iore
1064 3174 1112 3217 ea·

160 3249 213 3320 put
232 3243 328 3304 divino
344 3244 492 3322 quondam
507 3243 686 3305 circumfuso
708 3243 770 3322 igni
784 3242 1006 3322 portenderunt.
1033 3257 1113 3300 nunc

161 3334 189 3386 te
210 3323 258 3386 illa
277 3325 411 3388 caelestis
432 3329 539 3389 excitet
550 3325 682 3396 namma,
705 3343 785 3386 nnnc
805 3326 1011 3405 expergiscere
1032 3342 1111 3385 vere.

161 3416 191 3468 et
203 3426 258 3470 nos
274 3412 425 3490 peregrini
439 3413 635 3489 regnavimus.
652 3411 703 3487 qui
717 3411 773 3481 sis,
791 3425 851 3470 non
865 3408 945 3470 unde
960 3416 1045 3470 natus
1061 3407 1109 3476 sis,

161 3497 273 3570 reputa.
302 3493 327 3552 si
349 3501 399 3552 tua
415 3511 449 3554 11
463 3493 559 3554 subita
574 3493 695 3554 consilia
710 3499 845 3572 torpent,
869 3499 898 3552 et
911 3499 944 3552 tu
958 3509 1023 3552 mea
1041 3507 1112 3550 con·
1140 3562 1144 3571 Ι
