2572 3956
269 238 364 280 nrsnn
382 239 417 278 11.
447 237 517 279 oar·
534 232 577 285 33.
593 231 635 284 34.
668 221 707 298 [a.
725 221 778 282 ch.
794 233 855 288 493.
871 223 933 301 tui]
1040 226 1081 290 95

124 395 188 448 tum
208 403 298 447 manu
320 403 381 446 non
394 385 482 446 modo
496 387 638 466 impetum
652 390 870 466 erumpentium
884 389 1008 460 retudit,
1028 389 1081 452 sed

126 487 180 550 per
195 476 344 548 patentem
358 477 475 548 portam
491 471 576 531 ferox
590 473 711 550 inrupit,
728 472 877 550 caedeque
897 475 928 532 in
945 475 1080 550 proxima

126 553 209 614 urbis
229 554 304 614 iacta
327 555 427 630 ignem
447 561 560 615 temere
584 553 741 634 abreptum
761 555 973 618 inminentibus
994 573 1079 616 muro

126 637 268 698 aediliciis
285 637 394 698 iniecit.
426 637 538 698 clamor
554 639 623 700 inde
641 640 871 719 oppidanorum,
895 643 1002 702 mnus
1015 658 1079 700 mu·
1097 663 1114 714 8

125 719 214 782 liebri
229 720 396 800 puerilique
406 719 538 799 ploratu,
560 722 597 782 ad
612 731 773 794 terrorem,
797 732 829 784 ut
844 723 932 794 solet,
951 727 1080 802 primum

127 812 209 866 ortus
231 813 260 866 et
282 804 421 866 Romanis
444 807 523 866 auxit
543 808 673 867 animum
688 807 1008 877 atturbaritllolscos,
1032 814 1079 868 ut·

124 896 194 968 pote
221 895 305 966 capta
331 886 422 958 urbe,
450 891 501 965 qui
526 889 563 950 ad
582 889 735 952 ferendam
757 909 843 970 apem
860 900 1010 954 venerant.
1038 893 1114 954 itai

124 973 183 1034 tusi
198 971 296 1034 Volsci
308 973 447 1042 Antiates,
463 973 575 1034 Corioli
594 975 735 1052 oppidum
750 983 875 1055 captrmr.
905 983 1080 1054 tantumnque

124 1073 177 1118 sua
191 1055 278 1116 laude
293 1054 404 1116 obstitit
416 1055 512 1117 famae
527 1053 655 1118 considis
669 1059 811 1129 Marcius,
832 1066 880 1131 ut,
905 1061 962 1120 nisi
976 1059 1080 1122 ioedus

124 1157 193 1200 cum
206 1139 317 1200 Latinis
332 1137 469 1200 columna
483 1157 574 1202 aenea
591 1140 769 1222 insculptum
787 1150 977 1204 monumento
993 1149 1079 1213 esset,

124 1223 161 1285 ab
179 1224 228 1302 Sp.
242 1223 340 1284 Cassio
357 1241 427 1293 uno,
445 1225 512 1300 quia
530 1223 778 1302 coliagaafuerat,
793 1228 892 1295 ictum,
908 1227 1080 1287 Postumum

125 1309 291 1370 Cominium
309 1305 421 1368 bellum
440 1309 569 1384 gessisse
591 1325 659 1369 caan
675 1308 787 1370 veiseis
812 1311 954 1370 memorie
971 1309 1079 1370 cessis·

123 1398 178 1453 set
199 1423 234 1436 -
255 1389 367 1452 Eodem
382 1407 461 1451 anno
476 1392 605 1470 Agrippa
622 1391 777 1454 limenius
787 1394 921 1463 inanitur,
938 1393 983 1452 uir
997 1394 1079 1453 omni
1098 1399 1130 1450 to

124 1477 155 1536 in
172 1476 229 1535 rita
250 1475 362 1552 pariter
383 1473 517 1554 patribus
536 1494 571 1536 ac
588 1475 669 1554 plebi
683 1493 785 1548 carus,
799 1477 1078 1554 postdecessioeem

124 1557 222 1618 carior
243 1555 325 1636 plebi
346 1559 449 1620 iaetus.
484 1558 554 1620 huic
580 1561 736 1638 interpreti
755 1559 927 1638 arbitroque
953 1569 1127 1621 concor-11

122 1641 189 1702 diae
207 1643 328 1712 civium,
344 1641 440 1720 legato
466 1650 583 1722 patrum
598 1643 634 1704 ad
651 1642 779 1722 plebem,
805 1643 957 1704 reductori
982 1641 1078 1721 plebis

122 1725 273 1791 Romanae
293 1727 326 1785 in
347 1725 453 1787 urbem
475 1733 608 1805 sumptus
628 1727 728 1788 funeri
747 1727 847 1788 defuit.
883 1725 987 1787 extulit
1005 1744 1078 1788 eum

122 1807 208 1888 plebs
226 1808 407 1871 sextantibus
424 1809 547 1870 conlatis
562 1813 593 1870 in
610 1812 714 1888 capita.

182 1891 308 1954 XXXIV.
343 1891 486 1954 Consules
504 1893 614 1954 deinde
638 1893 671 1954 Τ.
699 1894 847 1971 Geganius
871 1893 904 1953 P.
933 1893 1111 1954 Minuciust

121 1975 201 2036 iacti.
232 1994 269 2038 co
284 1993 361 2036 anno
378 1983 486 2037 sumet
497 1975 571 2037 ioris
585 1978 683 2054 quieta
697 1979 794 2036 omnia
812 1994 828 2037 a
842 1975 922 2037 bello
941 1982 1040 2038 essent
1050 1983 1079 2037 et

121 2059 202 2120 domi
222 2066 322 2121 sanata
337 2058 497 2130 discordia,
520 2059 599 2120 aliud
613 2059 705 2121 multo
721 2062 838 2137 grauiam
852 2058 962 2120 maium
979 2060 1076 2120 civita·

121 2150 180 2204 tem
202 2145 321 2213 invasit,
345 2145 451 2203 caritas
472 2145 601 2221 primurn
616 2159 752 2205 annonae
773 2163 809 2205 ex
828 2141 946 2204 incultis
960 2161 1015 2223 por
1029 2162 1076 2204 se·
1095 2157 1112 2204 2

121 2226 288 2288 cessionem
304 2225 400 2306 plebis
414 2228 502 2304 agris,
517 2226 610 2288 tames
625 2227 742 2296 deinde,
760 2227 854 2304 qualis
869 2227 975 2288 clausis
987 2225 1077 2294 solen

121 2318 300 2388 ventumque
321 2311 358 2370 ad
375 2311 527 2372 interitum
547 2310 734 2372 servitiorum
754 2312 856 2387 utique
873 2316 902 2371 et
918 2308 1014 2388 plebis
1029 2327 1077 2370 es·
1095 2324 1111 2376 t

121 2401 182 2463 set,
205 2395 238 2454 ni
259 2393 396 2466 consules
408 2393 607 2472 preudissent
625 2394 754 2454 dimissis
768 2395 878 2471 passim
895 2393 933 2452 ad
947 2393 1078 2454 fruman·

121 2485 183 2538 tum
201 2477 396 2537 coemendum
413 2493 473 2536 non
488 2478 520 2536 in
533 2477 681 2536 Etruriam
697 2477 801 2546 modo,
815 2476 928 2537 dextris
943 2474 980 2534 ab
998 2474 1077 2536 Ostia

121 2559 273 2631 litoribus,
299 2558 441 2637 laevoque
464 2576 523 2638 per
544 2558 666 2620 Volscos
685 2560 762 2619 mari
784 2575 878 2636 usque
900 2557 937 2617 ad
962 2558 1076 2626 Cumas,

120 2645 174 2706 sed
189 2645 353 2722 quaesitum
368 2645 399 2704 in
414 2642 545 2704 Siciliam
560 2659 691 2721 quoque:
713 2642 788 2704 adeo
801 2643 995 2702 finitimorum
1012 2641 1077 2702 odia

120 2727 291 2805 longinquis
306 2735 466 2805 coegerant
479 2727 613 2804 indigere
628 2725 752 2790 auxiliis.
782 2725 963 2807 frumentum
979 2725 1077 2786 Cumis
1094 2733 1112 2782 t

121 2827 190 2872 oum
213 2819 379 2890 coemptum
399 2817 490 2881 esset,
511 2828 600 2871 naves
620 2828 677 2889 pro
693 2809 780 2870 bonis
797 2809 1027 2886 Tarquiniorum
1041 2806 1077 2868 ab

121 2894 306 2955 Aristodemo
328 2901 467 2974 tyranno,
494 2896 545 2972 qui
571 2893 660 2955 baras
687 2900 765 2962 crat,
786 2899 918 2954 retentae
934 2899 1011 2954 suxit.
1046 2892 1078 2952 in

121 2975 234 3041 Volscis
256 2978 472 3058 Pomptinoque
491 2996 531 3038 ne
553 2979 612 3038 emi
635 2977 753 3054 quidem
775 2977 885 3058 potuit3
912 2975 1077 3054 pericnlum

121 3075 241 3140 quoque
256 3060 292 3122 ab
308 3062 420 3140 impetu
432 3060 586 3121 hominum
600 3062 673 3138 ipsis
685 3058 946 3120 frumentatoribus
960 3060 1023 3118 tuit.
1041 3076 1077 3118 ex
1094 3077 1111 3128 5

120 3143 227 3205 Tuscis
243 3145 424 3205 frumentum
438 3143 539 3206 'liberi
553 3146 646 3205 renitt
665 3161 700 3204 eo
718 3149 847 3204 sustenta
863 3149 907 3202 est
921 3139 1016 3218 plebs.
1030 3142 1077 3200 in·

121 3227 278 3289 commodo
299 3227 379 3288 bello
400 3229 432 3288 in
452 3235 512 3288 tam
533 3229 603 3288 artis
629 3225 840 3287 commeatibus
861 3225 955 3286 vexati
969 3225 1076 3293 ferent,

120 3313 154 3372 ni
171 3311 292 3373 Volscos
307 3313 368 3372 iam
384 3319 535 3374 moventes
556 3329 637 3372 arma
655 3308 820 3389 pestilentia
834 3309 939 3386 ingens
955 3307 1076 3368 invasis·

121 3402 175 3456 set.
208 3413 242 3456 aa
257 3395 341 3456 clade
356 3398 525 3457 conterritis
539 3395 666 3456 bostium
682 3395 796 3463 animis,
811 3401 843 3452 nt
856 3394 959 3461 etiam,
974 3389 1026 3451 ubi
1042 3407 1075 3451 ea
1093 3403 1110 3456 e

121 3479 296 3549 remisisset,
317 3485 434 3541 terrore
456 3479 554 3558 aliquo
575 3484 759 3546 tenerentur,
785 3485 814 3536 et
834 3475 950 3537 Velitris
966 3490 1076 3536 auxere
