2580 3954
301 148 455 235 1111111111.
482 191 553 234 cur.
570 182 613 238 111.
628 182 672 238 39.
688 184 731 236 10.
760 173 802 252 [a.
820 171 937 252 (1113]
1032 179 1094 242 233

145 343 227 404 bium
242 349 319 412 erat,
335 341 421 417 quin,
437 341 462 402 si
475 347 534 400 tem
549 339 638 418 pauci
653 337 738 400 simul
756 337 839 400 obire
855 340 951 400 omnia
964 347 1094 418 possent.

144 436 226 505 terga
243 425 338 487 daturi
353 423 452 485 hostes
465 425 583 484 inerint.
759 485 764 488 ,

206 507 333 570 XXXIX.
361 506 484 568 Etcum
505 509 565 570 iam
579 513 664 586 parte
686 506 767 567 nulle
788 507 1023 575 sustinerentur,
1047 506 1095 567 dat
1113 516 1127 567 1

144 596 261 672 signum
284 589 406 652 Volscus
425 592 604 670 imperator,
634 595 668 651 ut
688 591 846 669 permotis,
867 607 959 650 novae
974 588 1094 661 Ι11111111

143 677 287 745 bostium,
306 673 390 735 locus
401 674 502 744 detur,
522 674 618 736 donec
635 674 749 753 impetu
762 673 845 734 inlati
859 671 895 734 ab
914 672 1093 734 suis-exolu-

144 761 259 821 dantur.
287 758 366 836 quod
382 755 434 818 ubi
448 764 492 820 est
506 758 633 828 factum,
656 756 810 818 interclusi
825 757 938 835 equites
955 773 1011 818 nec
1026 773 1093 835 per·
1111 769 1129 820 2

142 860 283 922 rumpere
298 841 416 912 eadem,
435 859 492 921 qua
502 842 695 912 transierant,
709 859 815 920 posse,
830 839 873 900 ibi
886 841 1013 901 maxime
1024 857 1094 901 con·

142 927 226 987 fertis
237 923 390 995 hostibus,
411 942 469 1003 qua
484 926 560 986 riam
574 925 722 996 fecerant,
739 931 769 986 et
783 923 886 986 consul
903 922 1094 1002 legionesque
1111 938 1129 991 1

142 1011 308 1079 Romanae,
322 1027 404 1078 cum,
422 1009 500 1086 quod
515 1016 655 1086 tegumen
666 1008 754 1069 modo
766 1009 862 1068 omnis
873 1010 1020 1068 exercitus
1029 1007 1093 1068 iue-

142 1098 206 1164 rat,
228 1091 538 1174 nusquamriderent,
560 1097 658 1152 111111
673 1091 848 1152 fortissimos
861 1092 940 1152 viros
952 1089 1094 1152 interclu-

142 1195 191 1237 sos
213 1177 396 1254 opprimeret
417 1173 525 1244 bostis,
548 1175 673 1235 tendunt
696 1176 728 1234 in
750 1191 966 1252 quemcumque
984 1191 1092 1235 casum.

142 1260 250 1320 diversi
264 1256 361 1319 Volsci
377 1255 447 1318 binc
464 1255 615 1318 consudem
631 1275 666 1319 ae
679 1256 811 1336 legiones
826 1258 986 1326 sustinere,
1002 1255 1093 1318 altera
1111 1267 1128 1316 1

142 1344 239 1403 ironte
254 1342 365 1402 instare
379 1340 541 1420 Tempanio
559 1346 648 1420 atque
665 1339 829 1420 equitibus3
855 1341 907 1418 qui
922 1357 989 1400 eum
1004 1358 1093 1419 saepe

142 1426 240 1488 1111111
261 1425 434 1503 nequissent
452 1441 648 1504 perrumpere
668 1425 705 1486 ad
724 1441 809 1494 suos,
831 1422 945 1484 tumulo
966 1423 1092 1502 quodam

141 1514 286 1587 occupato
302 1509 334 1568 in
351 1507 455 1570 orbem
466 1525 499 1570 se
515 1507 702 1579 tutabantur,
718 1525 905 1588 nequaquam
915 1506 1010 1568 inulti.
1038 1523 1094 1569 nec
1111 1508 1131 1569 1

140 1609 258 1672 pugnae
274 1592 341 1652 finis
357 1597 425 1654 ante
446 1596 564 1652 noctem
587 1592 651 1653 fuit.
683 1590 785 1653 consul
809 1608 927 1671 quoque
947 1609 1093 1670 nusquam

140 1677 265 1738 remisso
277 1677 454 1745 certamine,
466 1675 537 1737 dum
549 1677 706 1753 quicquum
717 1675 863 1754 superfuit
872 1672 961 1744 lucis,
977 1673 1093 1736 hostem

141 1761 242 1820 tenuit.
281 1776 339 1818 nox
355 1760 487 1820 incertos
504 1758 637 1826 diremit;
662 1765 820 1836 tantusque
841 1756 877 1818 ab
894 1756 1129 1836 imprudentiae

141 1847 263 1904 eventus
276 1847 401 1919 utraque
417 1848 511 1902 castra
527 1842 623 1902 tenuit
635 1859 744 1920 paror,
768 1847 802 1901 ut
814 1839 924 1903 relictis
941 1841 1049 1902 sauciis
1064 1844 1094 1901 et

140 1941 246 2002 magna
267 1929 351 2002 parte
371 1924 641 2003 inpedimentorum
661 1923 748 1985 arnbo
769 1942 825 2003 pro
845 1924 928 1984 111111
947 1924 1094 1984 exereitus

140 2027 172 2070 se
189 2010 220 2067 in
245 2013 361 2068 montes
377 2009 529 2088 proximos
551 2009 728 2087 reciperent.
763 2006 895 2069 tumulus
914 2013 1014 2068 tamen
1035 2007 1093 2067 cir·
1110 2016 1127 2065 7

141 2108 308 2152 oumsessus
328 2090 406 2152 ultra
425 2091 553 2154 mediam
575 2098 692 2154 noctem
710 2099 762 2153 est.
793 2109 851 2172 quo
875 2109 942 2152 curn
966 2093 1093 2152 circum·

139 2174 311 2236 sedentibus
324 2175 492 2236 nuntiatum
507 2181 585 2238 esset
599 2181 694 2238 castra
706 2175 824 2238 deserta
839 2192 919 2245 esse,
933 2175 1026 2236 victos
1036 2175 1093 2236 rati

139 2277 209 2328 suos
223 2265 253 2320 et
266 2259 338 2337 ipsi,
361 2277 419 2338 qua
436 2276 583 2339 quemque
601 2261 633 2320 in
654 2257 785 2322 tenebris
799 2276 890 2338 pavor
906 2257 988 2330 tulit,
1009 2258 1093 2336 iuge·

139 2349 218 2403 runt.
249 2343 428 2422 Tempanius
443 2349 525 2404 metu
540 2343 714 2404 insidiarum
729 2360 799 2404 suos
822 2341 858 2402 ad
875 2341 973 2403 lucem
988 2343 1091 2403 tenuit
1110 2347 1129 2400 8

138 2426 295 2503 degressus
319 2426 425 2487 deinde
447 2428 511 2504 ipse
534 2445 602 2487 oum
624 2427 727 2505 paucis
752 2425 936 2503 speculatum
962 2441 1030 2484 cum
1056 2422 1092 2485 eb

139 2508 246 2568 sauciis
259 2507 394 2568 hostibus
408 2509 584 2570 sciscitando
599 2509 792 2587 comperisset
809 2513 903 2568 casira
921 2506 1093 2568 Volscorum

140 2591 255 2651 deserta
275 2609 354 2661 esse,
376 2590 472 2652 laetus
486 2591 523 2652 eb
543 2591 658 2653 tumulo
675 2609 744 2653 suos
764 2592 887 2654 devocat
901 2597 930 2652 11
950 2592 981 2651 in
998 2596 1093 2650 castra

13 2718 19 2728 .
138 2675 270 2736 Romana
285 2679 431 2753 penetrat.
461 2674 513 2736 ubi
524 2693 592 2736 oum
607 2682 686 2737 vasta
702 2676 875 2754 desertaque
892 2675 990 2735 omnia
1005 2680 1093 2752 atque
1110 2684 1129 2736 1

139 2757 262 2818 eandem
284 2775 372 2836 11111111
390 2759 469 2838 apud
488 2757 588 2822 hostes
612 2759 781 2822 foeditatem
802 2759 977 2827 invenisset,
996 2757 1093 2836 prius·

139 2857 226 2917 11111
244 2840 364 2902 Volscos
388 2844 522 2920 cognitus
547 2859 632 2904 error
652 2843 827 2912 reduceret,
849 2840 956 2921 qulbus
976 2845 1094 2918 poterat

140 2924 247 2984 sauciis
261 2924 355 2985 ductis
375 2943 475 2986 secum
492 2927 630 3004 ignarus,
651 2944 739 3004 quarn
755 2927 908 3003 regionem
924 2922 1025 2985 consul
1039 2941 1092 3003 pe·

137 3007 238 3077 iisset,
250 3006 287 3067 ad
302 3006 408 3070 urbem
423 3010 565 3087 proximis
581 3008 738 3070 itineribus
754 3010 859 3087 pergit.

199 3088 258 3150 XL.
292 3091 353 3150 11111
371 3109 406 3151 11
425 3091 503 3152 fama
518 3106 635 3171 pugnae
648 3091 788 3153 adversae
802 3096 1027 3167 castrorumque
1041 3089 1092 3150 de·
1112 3099 1126 3150 1

137 3179 286 3236 sertorum
300 3172 414 3252 perlata
430 3181 508 3245 erat,
524 3181 554 3236 et
568 3180 636 3236 ante
648 3175 744 3235 omniu
757 3172 902 3252 deplorati
914 3177 999 3234 erant
1009 3174 1091 3251 equi·

137 3264 182 3319 tes
193 3275 252 3318 non
263 3258 376 3336 privato
388 3259 482 3335 magis
498 3275 586 3336 quam
597 3257 717 3336 publico
728 3257 827 3327 luctu,
842 3256 1010 3334 Fabiusque
1021 3273 1090 3316 oon·
1109 3265 1128 3314 1

137 3339 183 3402 sul
198 3347 314 3402 terrore
327 3339 396 3401 urbi
407 3357 525 3420 quoque
539 3343 648 3402 iniecto
660 3342 815 3402 stationem
830 3347 898 3402 ante
910 3346 1011 3419 portes
1023 3355 1090 3417 age·

136 3423 202 3492 bat,
227 3441 293 3484 curn
312 3425 425 3505 equites
441 3423 548 3503 procul
561 3423 615 3484 visi
635 3441 695 3485 non
713 3425 776 3486 sine
795 3430 912 3485 terrore
932 3421 969 3484 nb
984 3421 1090 3486 dubiis.
