2572 3956
236 191 276 254 78
329 205 424 246 mass
438 203 473 246 11.
497 191 678 246 csr.15.16·
701 177 743 262 [a.
758 199 789 240 n.
804 199 831 238 c.
842 187 903 242 247·
919 174 1091 257 (248)·253]

234 350 370 414 libertate
389 370 468 412 esse:
488 352 528 412 ita
549 349 699 412 induxisse
719 349 752 408 in
772 347 916 414 animum,
934 342 1069 406 hostibus
1089 345 1187 422 potius

235 445 335 516 portas
350 452 438 512 quam
451 435 572 512 regibus
586 433 762 512 patefacere.
797 445 862 490 eam
882 425 931 509 [ea
947 447 1014 490 esse
1028 425 1107 509 vota]
1124 447 1188 490 esse

236 520 412 581 voluntatem
427 520 567 587 omnium,
584 523 617 576 ut
631 517 682 592 qui
697 513 827 576 libertati
842 514 899 574 erit
913 514 944 572 in
958 510 1009 572 illa
1022 510 1097 572 urbe
1111 512 1187 581 finis,

201 605 313 667 tidem
330 602 399 663 urbi
416 604 468 664 sit:
488 601 630 681 proinde,
645 601 671 661 si
686 597 794 660 salvam
809 615 873 658 esse
892 595 980 658 vellet
995 595 1135 665 Romam,
1156 605 1188 656 ut

234 690 361 767 patiatur
391 684 516 746 liberam
546 703 625 753 esso,
661 700 757 743 orare.
800 698 854 744 reu
882 679 1060 742 verecundia
1096 681 1188 740 victus

200 785 217 836 s
234 771 372 849 „quando
392 769 423 830 id
440 775 554 829 certum
574 774 661 844 atquo
676 765 934 827 obstinatumest“
950 765 1055 842 inquit,
1071 779 1188 840 „neque

235 873 290 932 ego
311 853 471 915 obtundam
497 853 614 930 saepius
639 849 741 911 eadem
767 849 947 926 nequiquam
976 848 1106 926 agendo,
1133 863 1188 907 nee

234 938 410 1014 Tarquinios
424 954 477 1015 spe
488 935 599 1004 auxilii,
618 933 697 1011 quod
708 932 821 994 nullum
835 935 867 992 iu
882 950 929 992 me
945 938 997 1002 est,
1011 928 1186 992 frustrabor.
1269 981 1270 984 ,

234 1020 323 1082 alium
337 1019 422 1091 hinc,
438 1037 491 1081 seu
505 1017 585 1080 bello
602 1035 676 1095 opus
689 1026 733 1078 est
747 1035 800 1078 seu
809 1017 928 1092 quiete,
945 1016 1033 1077 exilio
1047 1025 1189 1093 quaerant
1269 1021 1270 1088 f

200 1113 218 1165 6
233 1104 348 1175 locum,
365 1123 405 1166 ne
422 1103 494 1182 quid
507 1121 604 1164 meam
620 1099 771 1162 vobiscum
785 1117 890 1178 pacem
904 1100 1071 1160 distineat“
1104 1099 1188 1160 dictis

233 1189 309 1250 lacta
325 1189 466 1249 snriciora
481 1187 596 1250 adiecit
628 1183 765 1248 obsidum
781 1184 860 1262 quod
880 1181 1029 1260 reliquum
1045 1181 1188 1244 eratred·

235 1273 321 1341 didit,
343 1288 447 1350 agrum
464 1271 616 1332 Veientem
631 1269 753 1332 loedere
775 1267 811 1329 ad
831 1265 995 1328 Ianiculum
1012 1269 1072 1326 icto
1090 1266 1188 1328 adem·
1269 1269 1270 1274 ’

201 1375 216 1422 7
234 1363 317 1434 ptum
338 1357 474 1420 restituit
509 1354 689 1430 Tarquinius
709 1369 762 1430 spe
780 1352 862 1412 omui
881 1352 996 1418 reditus
1009 1351 1104 1412 incisa
1118 1367 1187 1411 enu-

233 1438 325 1499 latum
345 1439 384 1498 ad
402 1455 546 1516 generum
564 1435 726 1496 Mamilium
748 1435 900 1498 Octavium
920 1432 1082 1496 Tusculum
1107 1432 1187 1494 abiit.

233 1521 374 1584 Romanis
390 1539 447 1599 pax
464 1520 519 1581 lida
536 1522 576 1580 ita
594 1537 662 1580 eum
678 1519 804 1580 Porsina
819 1519 883 1579 init

201 1606 215 1656 1
295 1604 368 1666 XVI.
399 1603 540 1666 Consules
559 1603 598 1666 Μ.
620 1602 753 1666 Valerius
777 1603 810 1664 P.
832 1603 1009 1665 Postumius.
1048 1619 1084 1663 oo
1111 1617 1190 1660 anno

200 1695 217 1744 2
233 1687 311 1750 bene
325 1695 486 1766 pugnatum
503 1705 570 1748 cum
585 1685 715 1755 Sabinis:
731 1685 869 1748 consules
882 1683 1112 1764 triumpharunt
1127 1703 1188 1744 ma·

233 1774 297 1833 iore
314 1772 383 1832 inde
397 1771 475 1832 mole
487 1769 589 1833 Sabini
602 1769 714 1832 bollum
726 1769 879 1848 parabant.
897 1769 1038 1832 adversus
1049 1787 1100 1830 eos
1112 1775 1141 1829 et
1150 1785 1189 1828 no

234 1856 304 1934 quid
317 1855 406 1916 simul
422 1855 458 1914 ab
474 1854 613 1925 rusculo,
628 1853 706 1917 unde
718 1855 773 1916 etsi
786 1871 846 1914 non
859 1861 1003 1932 apertum,
1019 1859 1188 1931 suspectum

232 1950 331 2001 tarum
345 1937 457 2000 bellum
472 1939 705 2016 eratrepentini
717 1937 843 2016 periculi
854 1939 993 2006 oriretur,
1007 1936 1040 1998 P.
1054 1935 1188 1997 Valerius

200 2029 216 2080 ³
234 2030 370 2100 quartum
385 2023 418 2083 T.
435 2022 591 2083 Lucretius
606 2024 716 2082 iterum
729 2021 866 2082 consules
880 2021 958 2082 lacti.
985 2020 1095 2082 Seditio
1110 2021 1189 2081 inter

232 2105 304 2168 belli
322 2107 464 2184 pacisque
482 2113 618 2167 auctores
642 2113 707 2166 orta
725 2106 757 2166 in
777 2104 895 2166 Sabinis
916 2103 1098 2183 aliquantum
1118 2103 1188 2165 indo
1269 2087 1270 2116 ἶ

199 2191 339 2250 tririum
365 2187 513 2250 transtulit
540 2188 576 2250 ad
599 2187 756 2252 Romanos.
794 2205 922 2266 namque
940 2189 1035 2250 lmus
1056 2186 1188 2258 Clausus,

233 2275 281 2333 cui
302 2281 404 2350 postea
420 2271 515 2349 Appio
538 2271 659 2334 Claudio
682 2273 737 2332 luit
755 2270 867 2334 Rornae
882 2289 1006 2342 nomen,
1023 2289 1091 2334 cum
1105 2273 1188 2350 pacis
1269 2293 1270 2300 ¹

232 2358 296 2434 ipse
311 2361 414 2415 auctor
429 2373 445 2414 a
465 2354 667 2416 turbatoribus
686 2354 758 2418 belli
772 2362 974 2435 premeretur,
999 2373 1058 2426 nec
1072 2372 1126 2434 par
1143 2354 1188 2415 ia·
1269 2385 1270 2428 3

233 2441 323 2500 ctioni
343 2445 435 2509 esset,
460 2438 498 2498 ab
513 2438 628 2516 Regillo
642 2456 748 2516 magna
763 2438 915 2501 clientium
927 2441 1082 2501 comitatus
1097 2456 1189 2498 mauu
1269 2441 1270 2510 f

198 2525 214 2578 5
231 2522 354 2584 Romam
376 2523 540 2601 transfugit.
570 2523 617 2584 bis
637 2523 738 2584 civitas
759 2523 825 2584 data
846 2539 976 2600 agerque
995 2531 1078 2584 trans
1098 2521 1187 2584 Anie-
1269 2515 1270 2554 ³

231 2625 316 2674 nem;
332 2613 414 2667 retus
428 2605 547 2668 Claudia
563 2605 668 2676 tribus,
685 2606 791 2670 additis
805 2613 908 2684 postea
922 2608 1006 2671 noris
1016 2604 1187 2674 tribulibus,

231 2691 282 2767 qui
303 2707 337 2750 ex
359 2707 394 2750 eo
415 2691 550 2750 venirent
569 2707 658 2768 agro,
679 2689 833 2768 appellata.
867 2690 979 2768 Appius
992 2691 1071 2750 iuter
1085 2695 1188 2766 patres

230 2773 325 2834 lectus
339 2772 418 2832 baud
429 2773 470 2832 ita
486 2771 578 2834 multo
592 2779 660 2853 post
674 2774 706 2833 in
719 2775 889 2851 principum
903 2773 1102 2852 dignationem
1116 2789 1188 2850 per·

197 2857 318 2924 evenit.
350 2855 487 2917 consules
507 2856 614 2918 infesto
635 2858 767 2920 exercitu
784 2859 815 2916 in
837 2874 942 2934 agrum
958 2854 1101 2918 Sabinum
1114 2873 1188 2934 pro·
1269 2901 1270 2926 ι

230 2940 301 3000 lecti
326 2957 393 2999 cum
418 2941 458 3000 ita
482 2942 642 3002 vastatione
667 2940 737 3000 <lein
759 2940 875 3018 proelio
904 2939 1086 3002 adflixissent
1113 2955 1189 3018 opes
1269 2935 1270 2950 ³

229 3023 367 3094 bostium,
381 3031 414 3084 ut
424 3024 474 3086 diu
482 3023 556 3086 nibil
568 3025 638 3086 indo
648 3023 819 3086 rebellionis
829 3025 934 3086 timere
941 3031 1070 3102 possent,
1082 3024 1188 3084 trium·

197 3124 213 3173 7
230 3107 354 3187 phantes
370 3105 494 3168 Romam
510 3107 673 3169 redierunt
696 3107 728 3168 P.
736 3105 878 3177 Valerius,
894 3108 1026 3168 omnium
1040 3123 1189 3168 consensu

231 3193 372 3271 princeps
391 3190 463 3253 belli
483 3192 624 3270 pacisque
645 3189 773 3261 artibus,
795 3209 873 3252 anno
896 3201 963 3268 post
978 3192 1108 3270 Agrippa
1124 3189 1189 3252 Me·

232 3276 321 3334 nenio
337 3275 370 3334 Ρ.
385 3275 535 3336 Postumio
552 3274 723 3338 consulibus
737 3276 872 3345 moritur,
888 3273 983 3354 gloria
997 3275 1119 3352 ingenti,
1135 3292 1188 3334 co·
1269 3273 1270 3280 ’

1264 2987 1270 3228 l

159 3371 168 3378 ·
232 3357 290 3435 piis
304 3356 498 3420 familiaribus
512 3360 585 3420 adeo
605 3360 731 3437 exiguis,
749 3358 894 3425 utiuneri
908 3365 1042 3436 sumptus
1076 3363 1187 3420 eesset:
1269 3379 1270 3430 3

199 3443 217 3494 8
234 3440 270 3500 dc
284 3439 404 3519 publico
419 3447 463 3502 est
474 3441 569 3502 uatus.
591 3443 693 3504 luxere
708 3449 858 3504 matronae
874 3449 907 3502 ut
923 3441 1053 3502 Brutum.
1087 3441 1189 3502 'odem
1269 3453 1270 3500 l
