2534 3956
303 200 396 243 racana
411 200 453 243 vr.
467 199 535 244 ear.
551 191 593 246 18.
611 192 652 246 19.
670 181 709 264 [a.
726 183 760 244 0.
777 193 839 262 384]
970 181 1032 245 eet

75 349 131 410 illis
154 367 280 430 aequum
303 347 465 408 censeatis?
485 349 554 425 quia
580 348 742 410 consuestis
760 366 828 410 cum
850 349 893 410 eis
909 366 964 427 pro
980 351 1033 410 im·

72 434 158 511 perio
181 438 310 501 certare,
331 430 471 492 adversus
490 430 545 492 bos
566 435 711 508 temptare
732 433 825 510 magis
848 449 936 511 quam
958 433 1035 493 tueri

73 514 252 578 libertatem.
279 521 391 584 umen,
418 513 647 592 qualescumque
669 514 760 577 duces
779 515 938 586 habuistis,
964 526 1087 594 qua-12

72 598 246 678 lescumque
265 597 321 677 ipsi
340 596 448 666 inistis,
470 598 568 659 omnia
589 596 701 668 adbuc,
725 606 962 678 quantacumque
983 616 1034 677 pe·

73 683 164 752 detis,
191 682 355 743 obtinuistis
380 699 433 742 seu
450 682 478 741 ri
501 697 554 742 seu
578 681 695 742 iortuna
717 689 821 744 vestra.
853 689 970 761 tempus
991 688 1037 744 est
1055 694 1088 747 13

74 767 162 828 etiam
181 766 293 828 malma
309 765 419 826 conari.
454 765 628 842 experimini
646 765 735 826 modo
756 773 786 828 et
801 771 929 828 vestram
944 766 1036 828 felici·

72 855 207 913 tetemet
221 867 285 922 me,
300 855 334 910 ut
346 864 443 927 spero,
464 847 587 910 feliciter
602 855 771 926 expertum:
787 851 904 912 minore
917 851 1036 929 negotio

73 933 125 1010 qui
138 933 264 1011 imperet
276 929 410 1011 patribus
424 932 580 1010 inponetis,
592 950 681 1011 mam
693 935 743 1011 qui
757 936 929 996 resisterent
943 936 1035 1013 impe·

71 1016 208 1078 rantibus
218 1017 396 1096 inposuistis.
415 1013 478 1076 solo
490 1015 661 1093 aequandae
675 1023 745 1078 suut
754 1017 918 1080 dictaturae
929 1035 1037 1079 consu·
1055 1029 1089 1087 14·

71 1098 217 1179 latusque,
232 1109 266 1162 ut
280 1107 368 1177 caput
382 1098 516 1160 attollere
529 1097 663 1159 Romana
677 1098 781 1178 plebes
795 1101 896 1178 possit
913 1101 1037 1179 proinde

69 1182 190 1253 adeste,
211 1181 367 1262 prohibete
380 1182 427 1243 ius
442 1182 479 1242 de
493 1181 626 1258 pecuniis
641 1181 710 1244 dici.
740 1199 796 1261 ego
816 1201 864 1244 mo
877 1191 1038 1261 patronum

70 1265 216 1345 profiteor
236 1265 345 1346 plebis,
371 1266 450 1343 quod
469 1265 540 1326 mihi
561 1282 633 1326 cura
655 1283 722 1327 mea
737 1272 768 1328 et
780 1267 854 1330 tides
868 1284 976 1328 nomeu
992 1270 1037 1327 in·

71 1347 151 1412 duit:
173 1367 225 1410 ros
246 1351 272 1412 si
291 1366 349 1428 quo
369 1350 477 1428 insigni
497 1350 590 1427 magis
606 1349 723 1426 impero
739 1349 897 1413 honorisve
917 1353 1038 1413 nomine
1057 1365 1089 1417 lb

71 1438 204 1494 vestrum
231 1431 415 1513 appellabitis
446 1433 566 1502 ducem,
597 1449 633 1494 ee
659 1435 783 1497 utemini
809 1435 976 1514 potentiore
1000 1436 1038 1497 ad

69 1515 233 1578 obtinenda
254 1536 288 1580 ea
310 1531 386 1597 quae
409 1515 527 1578 vultis“.
556 1517 626 1578 inde
649 1516 686 1578 de
706 1535 800 1596 regno
815 1518 922 1596 agendi
939 1526 1037 1580 ortum
1056 1533 1088 1584 lo

70 1600 189 1662 initium
210 1601 330 1671 dicitur,
353 1599 407 1661 sed
426 1618 482 1662 nec
504 1618 573 1662 curn
594 1599 701 1678 quibus
722 1619 777 1663 nec
793 1620 883 1680 quem
898 1602 1037 1664 adfinem

69 1683 193 1746 comma
207 1685 411 1764 pervenerint,
428 1686 498 1745 satis
511 1681 632 1762 planum
646 1684 780 1746 traditur.
937 1735 940 1745 .

156 1768 233 1830 xix.
265 1770 303 1832 At
316 1770 346 1828 in
361 1774 446 1844 parte
460 1767 552 1828 altera
567 1772 686 1827 senatus
703 1767 741 1828 de
756 1769 923 1830 secessione
938 1769 970 1828 in
986 1767 1038 1828 do·
1065 1801 1068 1812 =

70 1867 155 1912 mum
168 1854 310 1929 privatam
328 1847 439 1928 plebis,
463 1849 541 1911 iortc
555 1850 643 1910 etiam
658 1851 690 1911 in
703 1867 774 1912 arce
787 1853 929 1931 positam,
948 1858 978 1913 et
992 1853 1037 1912 in·

69 1935 196 1996 ndnenti
216 1934 294 1996 mole
314 1933 458 1994 libertatis
478 1934 576 2010 agitat.
613 1951 720 2011 magna
745 1951 814 2012 para
838 1933 1037 1998 vociferantur
1054 1947 1070 1995 2
1102 1965 1108 1972 ·

71 2017 199 2080 Servilio
213 2017 304 2082 Abala
319 2034 393 2095 opus
408 2034 486 2086 esse,
509 2017 559 2094 qui
581 2035 641 2077 non
663 2019 694 2078 in
714 2017 809 2080 vincla
824 2020 892 2082 duci
907 2018 1037 2081 iubendo

67 2100 174 2163 inritet
186 2101 340 2181 publicum
353 2100 485 2168 bostem,
509 2100 561 2160 sed
583 2102 669 2161 unius
683 2102 796 2162 iactura
811 2104 881 2164 civis
897 2101 978 2163 dniat
992 2103 1037 2164 in·

69 2185 213 2247 teatinum
237 2184 357 2248 bellum.
387 2185 554 2245 decurritur
574 2184 611 2243 ad
633 2183 777 2244 leniorem
795 2187 895 2248 verbis
921 2193 1072 2250 senten-3

69 2269 158 2340 dam,
178 2271 236 2332 rim
250 2277 349 2331 tamen
367 2268 490 2330 eandem
511 2265 684 2336 habentem,
707 2275 740 2328 ut
752 2268 870 2330 videant
884 2272 1038 2347 magistra·

69 2360 137 2424 tus,
156 2371 195 2416 ne
215 2353 287 2433 quid
303 2372 338 2414 ex
352 2351 527 2429 perniciosis
547 2349 675 2410 consiliis
690 2350 729 2410 ll.
747 2349 835 2412 blanli
854 2352 1038 2432 respublica

71 2436 242 2500 detrimenti
266 2440 369 2516 capiat
399 2441 463 2498 tum
481 2432 593 2495 tribuni
613 2431 761 2493 consulari
779 2439 924 2511 potestate
944 2435 1073 2496 tribu-4

70 2519 163 2597 niqra
186 2519 320 2598 plebi-
342 2536 412 2580 nam
435 2515 493 2596 [et]
511 2517 580 2592 quia
595 2515 722 2578 eundem
745 2523 774 2577 et
793 2533 865 2579 stane
886 2520 1038 2598 potestatis

72 2619 164 2682 quem
183 2602 326 2664 libertatis
346 2601 477 2662 omnium
498 2600 588 2660 tinem
607 2599 783 2673 cernebant,
803 2609 923 2679 patrum
937 2609 1037 2663 aucto·

72 2686 154 2748 ritati
174 2704 207 2748 se
226 2685 459 2748 dediderant-
479 2685 499 2745 ii
519 2688 584 2744 tum
597 2700 702 2745 omnes
717 2684 787 2762 quid
806 2701 882 2764 opus
896 2686 974 2748 lacto
991 2687 1037 2754 sit,

72 2769 251 2832 consultant
287 2787 355 2832 cum
383 2775 501 2847 praeter
517 2769 573 2828 vim
600 2774 630 2828 et
655 2768 776 2830 caedem
802 2769 875 2830 nibil
901 2772 1072 2848 cuiquame

70 2862 262 2926 occurreret,
284 2873 352 2917 eam
371 2861 469 2916 autem
484 2853 610 2930 ingentis
624 2851 818 2913 dimicationis
832 2852 897 2916 lore
914 2869 1037 2932 appare·
1071 2920 1078 2944 ·

70 2943 135 3008 ret,
150 2945 213 3001 turn
227 2940 265 3000 bl.
281 2938 432 3002 Menenius
447 2944 476 2998 et
487 2935 521 3007 Q.
538 2935 681 2998 Publilius
695 2935 806 2998 tribum
820 2936 930 3016 plebis:
945 2935 1038 3015 „quid
1056 2940 1074 2992 b

70 3028 193 3103 patrum
215 3029 244 3084 et
266 3022 361 3101 plebis
384 3028 534 3084 certamen
557 3019 696 3090 iacimus,
725 3021 804 3100 quod
826 3023 948 3082 civitatis
974 3037 1039 3082 esse

71 3105 217 3169 adversus
235 3123 329 3168 unum
349 3105 524 3185 pestiferum
546 3105 638 3166 civem
655 3103 767 3165 debeti
780 3105 850 3183 quid
868 3123 935 3166 cum
950 3101 1037 3182 plebe

68 3191 265 3268 adgredimur
281 3208 365 3261 eum,
388 3206 476 3270 mem
497 3191 661 3268 peripsam
677 3187 795 3268 plebem
808 3190 899 3249 tutius
916 3187 1037 3264 adgredi

68 3282 139 3350 est,
164 3281 198 3338 ut
215 3275 276 3337 suis
298 3275 360 3352 ipse
380 3281 519 3336 oneratus
543 3272 653 3334 viribus
675 3273 763 3334 ruatt
785 3272 862 3334 diem
889 3273 988 3334 dicere
1009 3271 1071 3332 ei⁷

71 3357 161 3421 nobis
180 3361 211 3421 in
234 3359 330 3420 animo
353 3365 406 3420 est.
436 3357 509 3418 nibil
532 3358 629 3419 minus
648 3355 790 3434 populare
805 3373 893 3437 mam
908 3373 1032 3436 regnum

69 3447 130 3504 est.
159 3442 244 3504 simul
265 3441 418 3506 multitudo
439 3438 487 3502 illa
506 3459 567 3502 non
588 3457 690 3502 secum
714 3441 821 3502 certari
840 3440 980 3510 viderint,
1003 3447 1033 3501 et
