2572 3956
266 243 361 286 nmen
378 243 412 283 11.
437 241 506 284 car.
523 235 565 288 19.
581 234 625 288 io.
645 219 685 306 [a.
704 224 738 286 0.
752 226 881 302 sol-499]
1007 229 1046 293 81

96 393 159 453 cius
183 389 247 450 tuit
282 391 441 453 nonenim
468 390 558 452 duces
578 391 614 452 ad
634 393 794 470 regendam
814 393 901 454 modo
926 389 1047 454 consilio

95 493 160 536 rem
174 473 310 544 adiuero,
326 473 378 536 sed
393 474 514 535 suismet
526 475 599 553 ipsis
618 474 794 554 corporibus
808 477 980 537 dimicantes
993 477 1047 535 mi·

95 575 201 621 seuere
216 557 385 620 certamina.
409 559 633 635 necquicquam
649 576 809 638 procerum
819 559 913 620 ferme
932 559 988 618 hac
999 566 1049 619 aut

95 640 144 702 iila
160 659 197 703 ex
211 643 274 702 acie
289 642 353 702 siue
366 639 488 702 vulnere
506 648 625 719 praeter
636 642 808 704 dictatorem
820 641 984 703 Romanum
997 660 1047 702 ex·

95 726 192 787 cessit.
222 725 254 784 in
269 725 451 786 Postumium
466 726 562 803 prima
577 725 608 784 in
622 726 687 786 acie
700 743 770 787 suos
784 725 987 786 adhortantem
1001 726 1046 784 iu·
1064 730 1083 782 t

95 815 316 886 struentemque
328 808 505 886 Tarquinius
516 807 678 886 Superbus,
695 825 872 887 quamquam
884 811 943 869 iam
954 815 1047 870 aetate

95 898 125 954 et
141 890 254 952 viribus
269 899 332 953 erat
347 893 479 970 gravior,
501 907 610 968 equum
629 891 754 953 infestus
771 891 895 962 admisit,
912 893 1047 968 ictusque

95 973 133 1036 ab
154 973 248 1036 latere
268 992 415 1036 concursu
434 991 556 1036 snorum
572 984 711 1054 receptus
728 977 869 1037 intutum
885 982 938 1038 est
966 974 1047 1036 etad
1065 975 1081 1026 7

95 1057 221 1120 eitonam
241 1075 334 1120 eomu
356 1057 496 1119 Aebutius
523 1059 662 1137 magister
691 1061 821 1136 equitum
841 1061 872 1120 in
897 1059 1047 1120 Octavium

95 1141 254 1205 Mamilium
269 1143 412 1221 impetum
427 1141 562 1212 dederat,
579 1159 635 1204 noc
652 1141 757 1205 fefellit
770 1144 891 1213 veniens
906 1139 1047 1203 Tuscula·

95 1243 167 1286 num
188 1223 309 1296 ducem,
330 1231 432 1286 contra
453 1241 540 1302 quem
562 1232 591 1288 et
604 1224 654 1286 ille
672 1227 799 1287 concitat
814 1244 937 1304 equum:
953 1229 1080 1286 tantae

96 1326 154 1387 que
170 1309 213 1369 vis
228 1309 341 1370 iniustis
354 1309 534 1370 venientium
548 1308 639 1370 hastis
652 1309 716 1380 iuit,
736 1316 769 1370 ut
781 1308 935 1371 brachium
950 1307 1047 1370 Aebu-

95 1394 137 1454 tio
157 1393 313 1454 traiectum
333 1394 386 1462 sit,
406 1390 534 1453 Mamilio
556 1400 659 1470 pectus
674 1410 857 1472 percussum.
888 1392 967 1453 hunc
982 1393 1080 1468 qni-9

96 1475 164 1538 dem
185 1477 217 1536 in
231 1476 391 1538 secundam
412 1476 506 1537 aciem
525 1474 622 1538 Latini
637 1492 793 1556 recepere;
814 1475 956 1538 Aebutius
979 1492 1047 1535 cum

96 1560 196 1622 sancio
215 1557 337 1620 brachio
360 1566 464 1621 tenere
482 1557 573 1620 telum
586 1577 647 1621 non
664 1567 779 1639 posset,
800 1559 1045 1640 pugnaexoessit.

96 1643 216 1709 Latinus
232 1642 291 1704 dux
303 1640 377 1702 nihil
394 1643 552 1704 deterritus
563 1642 683 1704 volnere
693 1642 840 1723 proelium
855 1645 921 1714 ciet,
938 1650 966 1704 et
978 1643 1046 1720 quia
1066 1644 1098 1700 10

96 1744 166 1788 snos
178 1725 332 1805 perculsos
352 1725 483 1796 videbat,
503 1727 626 1790 arcessit
642 1725 795 1789 cohortem
809 1726 928 1789 exulum
941 1725 1047 1787 Roma·

96 1827 218 1880 nurum,
236 1811 285 1870 oui
301 1809 375 1870 Luci
389 1810 532 1888 Tarquini
547 1809 624 1871 iilius
639 1817 784 1890 praeerat.
802 1828 920 1889 easquo
935 1811 1047 1872 maiore

95 1892 908 1974 pugnabatiraobereptabonapatriamqueademptam,
919 1909 1048 1972 pugnam

95 1993 256 2057 parumper
272 1977 408 2038 restituit.

156 2059 217 2121 XX.
248 2059 457 2122 Referentibus
476 2061 536 2120 iam
557 2059 664 2138 pedem
686 2059 722 2122 ab
750 2079 784 2122 ea
804 2067 888 2139 parte
908 2059 1049 2120 Romanis
1068 2061 1080 2113 1

95 2141 134 2206 bi.
150 2141 283 2205 Valerius
298 2143 470 2205 Publicolae
487 2143 595 2215 irater,
616 2145 804 2222 conspicatus
823 2143 953 2204 ferocem
968 2141 1049 2204 iure·

95 2243 165 2290 uem
184 2227 378 2304 TarquinIum
399 2233 594 2288 ostentantem
619 2245 651 2290 se
673 2228 705 2286 iu
726 2228 822 2306 prima
844 2225 962 2287 eandum
976 2226 1047 2296 acie,

96 2309 256 2371 domestica
271 2311 358 2372 etiam
373 2307 466 2387 gloria
482 2327 637 2379 accensus,
655 2316 703 2380 ut,
719 2311 803 2371 cuius
817 2309 943 2370 familiae
960 2309 1050 2370 decus
1066 2321 1082 2370 t

97 2394 183 2455 eiecti
201 2410 288 2470 reges
303 2399 403 2463 erant,
426 2393 561 2462 eiusdem
570 2393 719 2454 interiecti
739 2393 851 2462 forent,
875 2391 974 2454 subdit
989 2391 1049 2452 cal·

96 2477 176 2538 caria
193 2493 269 2553 equo
286 2483 315 2538 et
324 2475 517 2552 Tarquinium
526 2476 633 2538 infesto
644 2475 757 2555 spiculo
768 2477 850 2553 petit.
872 2475 1049 2550 Tarquinius
1066 2488 1083 2540 a

94 2567 177 2621 retro
197 2560 230 2619 in
252 2575 358 2637 agmen
378 2575 499 2620 suorum
521 2559 637 2620 intenso
658 2560 746 2620 cessit
764 2558 850 2618 hosti.
891 2554 1048 2627 Valerium,

96 2649 209 2704 temere
225 2643 373 2703 invectum
388 2643 420 2702 in
435 2639 553 2702 exulum
569 2643 677 2712 aciem,
700 2659 736 2703 ex
747 2649 915 2702 uansverso
931 2638 1049 2716 quidam

96 2727 217 2787 adortus
231 2726 391 2803 transfigit:
411 2727 639 2804 necquicquam
657 2727 763 2802 equitis
776 2722 897 2785 volnere
914 2740 990 2800 equo
1000 2741 1049 2786 re·

96 2808 210 2872 tardato
239 2808 433 2870 moribundus
454 2807 603 2870 Romanus
631 2807 798 2870 labentibus
824 2825 914 2886 super
941 2824 1049 2886 corpus

97 2894 188 2955 armis
207 2892 244 2953 ad
263 2900 375 2954 terram
396 2891 525 2952 defluxit.
565 2892 689 2954 dictator
708 2892 876 2953 Postumius
894 2897 1049 2970 postquam
1066 2897 1083 2945 4
1157 2926 1165 2934 -

97 2975 240 3038 cecidisse
260 2973 349 3036 talem
366 2976 477 3045 mum,
500 2973 601 3037 exules
614 2976 754 3037 ferociter
770 2976 857 3036 citato
872 2977 988 3052 agmine
1003 2975 1049 3034 in·

96 3057 179 3128 vehi,
204 3075 279 3120 suos.
294 3058 448 3137 perculsos
471 3058 579 3120 cedere
600 3059 818 3129 animadvertit,
840 3057 955 3118 cohorti
968 3063 1082 3125 suaet

96 3159 185 3220 quam
205 3141 349 3204 delectam
369 3158 489 3202 manum
502 3142 643 3221 praesidii
665 3159 752 3203 causa
769 3143 847 3202 circa
865 3160 897 3202 se
912 3138 1047 3209 hahebat,

96 3225 147 3288 dat
160 3226 286 3304 signum,
301 3232 432 3302 utquam
444 3243 565 3286 ntorum
576 3225 737 3303 fugientem
748 3225 882 3293 viderint,
899 3241 954 3303 pro
964 3221 1049 3284 hoste

95 3308 233 3370 habeant.
261 3311 299 3370 ita
313 3316 395 3369 metu
408 3309 529 3387 ancipiti
544 3311 621 3370 versi
636 3328 653 3370 a
668 3305 737 3386 iuga
747 3308 871 3368 Romani
882 3307 914 3366 in
925 3306 1049 3376 hostem,

96 3399 126 3455 et
147 3394 279 3453 restituta
302 3393 390 3453 acies.
428 3391 534 3453 cohors
554 3392 705 3453 dictatoris
725 3398 787 3452 tnm
809 3392 938 3470 primum
961 3397 1083 3469 pros-o

95 3475 170 3536 lium
191 3476 265 3535 iniit.
304 3476 426 3553 integris
449 3474 624 3554 corporibus
648 3476 811 3554 animisque
839 3475 932 3536 fessos
955 3473 1049 3547 adorti
1071 3547 1074 3553 Ι

130 3585 156 3622 s.
170 3588 230 3626 nrvr
244 3589 312 3624 rans
325 3591 346 3624 1.
879 3563 898 3624 6
