2572 3956
294 253 391 294 cronia
406 251 454 320 nr.
480 251 550 294 car.
568 241 594 296 7·
608 243 635 296 ἃ
660 230 699 313 [a.
716 232 752 293 Ο.
767 242 828 296 463.
840 231 903 313 462]
1014 238 1074 300 133

118 401 189 462 tilus
217 417 361 478 augures,
389 399 452 459 Ser.
485 398 634 478 Sulpicius
663 399 747 458 curio
773 399 935 467 maximus3
966 405 995 460 et
1021 417 1075 478 per

120 487 219 562 ignota
235 485 331 561 capita
345 480 404 542 late
421 488 522 558 vagata
540 488 585 543 est
599 483 642 542 vis
658 481 771 550 morbi;
794 482 940 561 inopsque
955 489 1074 544 senatus

120 566 221 628 auxilii
235 565 358 626 humani
373 564 410 626 ad
426 564 497 626 deos
514 564 657 644 populum
672 583 706 625 ac
721 571 788 626 vota
802 567 901 626 vertit:
918 566 991 626 iussi
1007 583 1075 626 cum

120 648 295 728 coniugibus
315 665 350 710 ac
376 646 479 708 liberis
506 647 704 726 supplicatum
730 649 776 710 ire
797 667 960 729 pacemque
986 666 1075 728 expo·

120 751 206 797 scere
224 733 320 796 deum.
350 731 387 791 ad
407 731 452 800 id,
480 731 560 810 quod
581 749 634 792 sua
653 729 800 811 quemque
820 731 897 794 mala
920 731 1074 810 cogebant,
1092 739 1109 789 8

120 818 295 879 auctoritate
311 813 430 896 publica
446 815 559 875 evocati
581 815 680 874 omnia
704 814 827 876 delubra
846 815 969 894 inplent.
1001 823 1076 876 stra·

120 909 167 963 tae
188 901 297 980 passim
317 903 426 960 matres
441 897 573 958 crinibus
589 897 699 976 templa
716 903 868 960 verrentes
882 901 996 962 veniam
1016 900 1075 959 ira·

119 1002 188 1046 rum
209 982 379 1045 caelestium
396 981 637 1060 finemquepesti
653 989 825 1061 exposcunt.

182 1064 253 1128 Vlll.
283 1065 355 1126 lnde
382 1063 523 1144 pardatim
549 1083 603 1126 seu
626 1082 700 1144 pace
728 1065 817 1126 deum
845 1067 1001 1145 impetrata
1022 1085 1075 1128 seu
1096 1072 1108 1122 1

119 1152 254 1230 graviore
273 1156 408 1228 tempore
428 1149 498 1209 anui
519 1149 578 1208 iam
601 1149 780 1209 circumacto
805 1148 943 1211 defuncta
961 1148 1074 1210 morbis

120 1251 247 1314 corpora
270 1231 436 1294 salubriora
459 1251 524 1293 esse
543 1232 694 1310 incipere:
717 1233 868 1311 versisque
890 1234 996 1294 animis
1016 1235 1075 1293 iam

119 1319 156 1379 ad
171 1315 322 1396 publicam
339 1326 457 1384 curam,
479 1333 547 1377 cum
562 1311 673 1394 aliquot
687 1315 858 1392 interregna
876 1317 1021 1387 exissent,
1041 1316 1073 1378 P.
1092 1327 1108 1374 2

119 1401 253 1462 Valerius
272 1397 426 1461 Publicola
452 1399 541 1460 tertio
562 1399 609 1460 die
633 1417 721 1478 quam
741 1400 947 1478 interregnum
966 1401 1076 1461 inierat

119 1483 258 1546 consules
274 1490 356 1545 creat
369 1482 402 1543 L.
419 1481 590 1544 Lucretium
604 1482 811 1560 Tricipitinum
829 1489 859 1544 et
872 1483 907 1544 T.
923 1483 1074 1544 Veturium

119 1569 276 1631 Geminum
296 1600 332 1612 -
349 1567 410 1628 sive
423 1565 474 1628 ille
490 1565 629 1628 Vetusius
647 1566 755 1628 fuit-
778 1573 847 1628 ante
862 1566 939 1628 diem
954 1568 1075 1628 tertium
1093 1585 1108 1636 3

117 1653 184 1713 idus
200 1649 326 1713 Sextilis.
360 1649 545 1711 consulatum
557 1651 662 1711 incunt
675 1651 734 1710 iam
749 1652 820 1712 satis
836 1649 931 1710 valida
948 1651 1072 1718 civitate,

118 1743 226 1797 utnon
244 1733 342 1796 solum
359 1750 463 1795 arcere
476 1731 588 1794 beHum
603 1733 656 1794 sed
671 1732 751 1794 ultro
768 1735 855 1794 etiam
870 1732 982 1794 inferre
1006 1751 1073 1812 pos-

117 1825 172 1880 set
202 1818 293 1895 igitur
307 1816 512 1878 nuntiantibus
526 1815 663 1878 Hernicis
684 1817 716 1876 in
736 1817 810 1878 lines
831 1835 901 1878 suos
921 1823 1074 1878 transcen·
1092 1834 1176 1883 4-

118 1902 196 1962 disso
208 1901 323 1970 hostes,
339 1900 646 1980 inpigrepromissum
658 1899 808 1960 auxilium.
832 1899 890 1961 duo
902 1899 1073 1962 consulares

118 1987 267 2047 exercitus
291 1983 404 2062 scripti.
434 1983 572 2045 Veturius
585 1984 693 2044 missus
716 1983 747 2044 in
764 1981 885 2044 Volscos
905 1984 942 2045 ad
961 1982 1074 2044 beHum

117 2068 197 2130 ultro
218 2066 415 2128 inserendum.
456 2066 647 2144 Tricipitinus
670 2064 910 2146 populationibus
939 2067 1107 2133 arcendisb

117 2153 268 2214 sociorum
284 2167 355 2228 agro
370 2151 523 2230 oppositus
537 2166 598 2210 non
609 2149 687 2210 ultra
703 2168 791 2228 quam
806 2151 837 2212 in
848 2150 992 2212 Hernicos
1004 2168 1074 2230 pro-

118 2236 205 2298 cedit
239 2235 378 2296 Veturius
405 2235 502 2312 primo
531 2232 644 2314 proelio
673 2233 773 2296 hostes
803 2234 899 2296 fundit
923 2234 1072 2314 fugatque.
1158 2311 1160 2314 Ι

117 2319 304 2386 Lucretium.
320 2317 390 2378 dum
406 2319 438 2378 in
448 2317 586 2400 Hernicis
600 2317 698 2388 sedet,
713 2318 898 2396 praedonum
910 2336 1015 2396 agmen
1030 2318 1072 2380 le·
1091 2333 1109 2386 a

117 2401 192 2465 fellit
211 2419 301 2482 supra
321 2407 437 2463 montes
453 2401 662 2463 Praenestinos
677 2400 814 2471 ductum,
829 2402 898 2465 inde
913 2401 1072 2464 demissum

116 2487 149 2547 in
169 2504 299 2565 campos.
326 2491 477 2547 vastavere
501 2502 587 2564 agros
610 2484 836 2546 Praenestinum
857 2483 1071 2562 Gabinumque,

118 2588 154 2632 ex
171 2567 284 2632 Gabino
301 2571 332 2630 in
346 2565 530 2630 Tusculanos
545 2567 654 2630 flexere
674 2567 773 2629 colles.

180 2651 254 2716 Urbi
275 2670 393 2733 quoque
407 2651 519 2714 Romae
541 2653 646 2730 iugens
668 2649 821 2730 praebitus
845 2657 959 2722 terror,
980 2652 1107 2729 magist

6 2757 7 2770 r
116 2739 148 2798 iu
164 2755 198 2800 re
213 2735 310 2798 subita
326 2754 414 2816 quam
429 2735 508 2815 quod
528 2735 564 2798 ad
579 2735 736 2798 arcendam
758 2737 815 2795 rim
839 2753 945 2814 parum
967 2736 1073 2795 uirium

118 2826 205 2883 esset.
234 2817 360 2889 Quintus
374 2819 484 2880 Fabius
496 2825 633 2898 praeerat
647 2816 725 2880 urbi.
755 2820 780 2880 is
796 2826 909 2882 armata
922 2821 1073 2882 iuventute

117 2904 327 2983 dispositisque
337 2903 493 2982 praesidiis
505 2908 568 2964 tuta
580 2903 678 2966 omnia
689 2921 724 2964 ac
734 2902 894 2982 tranquilla
910 2903 989 2965 iecit.
1017 2904 1073 2963 ita·
1089 2915 1107 2967 8

118 3005 177 3065 que
202 2984 303 3048 hostes
327 2985 437 3064 praeda
464 3005 499 3048 ex
526 2987 669 3064 proximis
695 2985 770 3048 locis
798 2993 884 3067 rapta
913 2987 1073 3066 adpropin-

6 3099 9 3140 ;
56 3092 58 3097 ¹
118 3087 211 3149 quare
231 3067 301 3130 urbi
321 3083 381 3130 non
403 3069 468 3132 ausi
491 3087 560 3130 cum
581 3070 761 3131 circumacto
788 3071 904 3148 agmine
929 3069 1072 3139 redirent,

118 3159 228 3234 quanto
244 3151 361 3231 longius
379 3153 415 3214 ab
430 3152 506 3215 urbe
522 3154 653 3214 bostium
668 3151 863 3214 abscederent
879 3170 914 3214 eo
930 3151 1073 3214 solutiore

118 3255 204 3308 cura,
226 3237 258 3296 in
272 3235 443 3298 Lucretium
457 3236 592 3297 incidunt
606 3235 759 3298 consulem
779 3237 839 3296 iam
854 3242 922 3298 ante
937 3233 1072 3314 explora·

6 3363 7 3378 2
117 3321 154 3381 tis
174 3319 332 3383 itineribus
352 3321 414 3382 suis
432 3322 610 3382 instructum
634 3318 718 3380 etad
743 3325 893 3380 certamen
914 3321 1071 3380 intentum.

117 3395 208 3482 igitur
216 3404 401 3483 praeparatis
412 3403 517 3464 animis
528 3403 683 3481 repentino
695 3419 804 3482 pavore
812 3401 965 3482 perculsos
978 3401 1072 3464 adorti
1089 3413 1106 3464 s

6 3501 7 3544 1
116 3486 267 3566 aliquanto
289 3487 449 3578 pauciores
470 3484 688 3588 mqltitudiuem
707 3487 858 3565 ingentem
882 3486 1009 3548 fundunt
1026 3485 1072 3545 iu·
