2572 3956
181 213 241 277 138
316 227 412 277 nmen
428 225 476 266 111.
501 224 571 266 car.
589 216 688 268 1213.
714 203 753 286 [a.
768 225 799 266 u.
816 226 842 266 e.
857 215 919 270 293.
931 205 992 286 294]

180 383 266 454 gente
290 389 387 452 neque
404 375 435 434 ln
454 374 567 435 civitate
582 374 712 433 Romana
730 379 838 432 tantam
854 372 984 433 indolem
999 381 1059 432 tarn
1073 391 1137 433 ma-

179 468 263 520 turae
291 459 404 518 virtutis
425 475 563 534 umquam
585 457 729 518 extitIsse:
751 473 837 517 suum
859 457 987 534 primum
1012 457 1136 518 militem

146 543 286 613 eluisse,
310 561 341 604 se
357 559 445 620 saepe
458 542 574 602 vidente
591 557 737 618 pugnasse
757 540 789 599 in
807 538 937 608 hostem3
964 541 1014 618 Sp.
1029 540 1137 601 Furius

182 625 308 769 [ipsumg
322 626 444 686 missurn
461 623 497 684 ab
514 621 649 692 Quinctlo
661 623 824 702 Capitolino
843 622 899 684 sibi
916 641 982 683 eum
993 626 1025 683 in
1039 622 1138 684 dubiis

180 713 240 771 suis
254 727 288 771 re
311 726 345 770 us
363 708 479 770 venisse
492 707 640 768 subsidio:
671 709 822 768 neminem
844 723 935 766 unmn
950 725 1030 776 esse,
1052 709 1138 766 cuius

146 806 162 856 5
179 795 272 870 magis
295 809 386 870 opera
403 798 486 870 putet
504 806 569 852 rem
589 791 761 851 restitutam.
791 789 824 850 L.
843 789 1009 860 Lucretius,
1032 790 1138 850 consul

180 879 249 936 anni
264 877 389 954 prioris,
402 875 517 935 recenti
527 873 621 952 gloria
638 874 750 943 nitens,
766 891 834 934 suas
846 873 947 934 laudes
958 875 1137 951 participare

180 977 248 1019 cunr
260 961 406 1028 Caesone,
422 973 588 1018 memorare
598 973 728 1035 pugnas,
743 956 858 1018 referre
875 959 993 1034 egregia
1004 958 1137 1017 lacinora

145 1051 163 1102 d
179 1059 259 1103 nunc
274 1043 306 1101 in
319 1040 568 1121 expeditionibus,
583 1042 709 1100 nuncin
726 1042 805 1109 acie,
823 1040 948 1101 suadere
960 1047 989 1100 et
1003 1057 1136 1109 monere,

179 1129 315 1187 iuvenem
331 1124 497 1202 egregium,
514 1125 690 1185 instructum
701 1129 822 1184 naturae
834 1123 1029 1200 feminaeque
1041 1125 1123 1183 omni

179 1209 236 1270 bus
250 1208 354 1278 bonis,
376 1209 534 1268 maximum
552 1213 734 1285 momentum
748 1223 851 1267 rerum
867 1207 930 1267 eius
946 1207 1083 1276 civitatis,
1106 1209 1138 1266 in

181 1307 396 1370 quamcumque
411 1291 551 1361 venisset,
567 1307 653 1351 suum
668 1307 755 1367 quam
767 1289 896 1350 alienum
907 1289 1028 1352 mallent
1043 1291 1138 1351 civem

146 1390 162 1439 7
181 1395 254 1438 esse.
285 1375 364 1452 quod
378 1374 507 1435 offendat
517 1377 548 1434 in
564 1391 615 1443 eo,
631 1374 777 1434 fervorem
792 1380 821 1434 et
831 1373 997 1443 audaciam,
1014 1381 1138 1435 aetatem

181 1459 288 1520 cotidie
311 1457 444 1526 auterre;
469 1457 548 1534 quod
569 1457 768 1526 desideretur,
784 1456 955 1526 consilinm,
975 1457 1006 1517 id
1026 1458 1138 1518 indies

181 1560 327 1604 crescere.
341 1540 563 1602 senescentibus
573 1541 657 1610 vitiis,
667 1548 882 1602 maturescente
891 1541 998 1601 u'rtute
1006 1543 1140 1602 sinerent

146 1635 163 1686 8
181 1632 292 1686 tantum
309 1625 405 1684 virum
419 1642 522 1686 senem
545 1626 577 1684 in
598 1625 712 1684 civitate
727 1624 801 1684 fieri.
831 1631 916 1702 pater
937 1625 1014 1686 inter
1035 1625 1090 1686 hos
1105 1624 1137 1684 L.

181 1707 348 1779 Quinctius,
370 1709 418 1768 cui
439 1707 610 1770 Cincinnato
633 1725 799 1785 cognomen
819 1715 896 1778 erat,
922 1725 982 1767 non
1003 1710 1139 1770 iterando

180 1793 297 1862 laudes,
320 1810 358 1853 ne
375 1791 539 1853 cumularet
552 1791 709 1860 invidlam,
731 1790 782 1851 sed
797 1793 913 1852 veniam
932 1793 1028 1853 errori
1051 1797 1138 1869 atque

180 1875 396 1952 adulescentiae
407 1875 550 1954 petendo,
566 1873 639 1945 sibi,
652 1877 774 1952 quinon
786 1874 935 1936 dlcto'non
947 1875 1023 1935 lacto
1035 1893 1139 1952 quem·

146 1974 163 2022 o
182 1977 270 2038 quarn
283 1958 468 2030 offendisset,
485 1966 518 2019 ut
532 1958 735 2021 condonarent
750 1959 860 2028 fllium,
877 1957 989 2019 orabat.
1020 1959 1073 2020 sed
1088 1958 1139 2019 alii
1154 2019 1160 2030 ,

180 2042 391 2104 aversabantur
404 2060 511 2122 preces
523 2049 573 2102 aut
583 2041 761 2104 verecundia
772 2049 823 2103 aut
835 2048 934 2110 metria
947 2040 997 2102 alii
1011 2061 1043 2104 se
1055 2060 1139 2103 suos·

181 2145 237 2204 que
260 2125 403 2186 mulcatos
422 2134 578 2203 querentes
600 2127 692 2186 atroci
718 2143 862 2206 responso
886 2127 1030 2187 iudicium
1051 2143 1139 2188 suum

180 2209 397 2289 praeferebant.

147 2301 161 2352 1
242 2290 317 2352 Xlll.
348 2290 505 2352 Premebat
518 2309 603 2352 reum
622 2299 741 2371 praeter
761 2292 907 2372 uulgatum
923 2294 1063 2355 invidiam
1081 2295 1139 2356 cri·

180 2393 248 2437 men
260 2391 367 2445 unum,
384 2375 464 2453 quod
478 2375 516 2435 M.
530 2375 665 2436 Volscius
681 2375 797 2446 Fictor,
814 2379 944 2454 quiante
959 2377 1071 2457 aliquot
1085 2395 1138 2438 an-

145 2470 163 2519 2
180 2478 235 2520 nos
249 2457 387 2520 tribunus
403 2457 500 2537 plebis
517 2458 629 2529 iuerat,
654 2461 735 2520 testis
754 2461 889 2521 extiterat
902 2479 934 2522 se
952 2461 1031 2523 haud
1046 2461 1139 2522 multo

180 2550 247 2622 post
262 2558 350 2619 quarn
363 2541 529 2621 pestilentia
545 2545 576 2602 in
589 2543 664 2603 urbe
685 2543 782 2604 luerat
803 2545 982 2606 iuventutem
1003 2563 1139 2622 grassan·
1187 2586 1191 2597 ,

179 2635 239 2688 tem
253 2629 285 2685 in
302 2624 418 2687 Subura
433 2626 582 2688 incidisse.
616 2626 658 2686 ibi
671 2627 767 2686 rixam
787 2634 885 2688 natam
904 2644 982 2698 esse,
1002 2629 1139 2689 tratrem·

180 2727 237 2787 que
255 2726 340 2769 suum
355 2711 498 2770 maiorem
510 2717 595 2780 natu,
612 2709 739 2770 necdum
753 2729 789 2771 ex
800 2703 905 2772 mo'rbo
917 2713 986 2772 satis
1001 2710 1138 2780 validum,

145 2806 162 2858 3
179 2811 278 2871 pugno
289 2794 380 2852 ictum
395 2791 431 2851 ab
448 2793 577 2854 Caesone
594 2794 752 2866 cecidisse,
768 2795 970 2857 semianimem
984 2797 1062 2856 inter
1075 2811 1138 2852 ma·

179 2895 235 2936 nus
250 2875 369 2935 domum
380 2874 523 2946 ablatum,
539 2885 746 2955 mortuumque
759 2877 827 2938 inde
839 2876 992 2950 arbitrari,
1013 2895 1068 2939 nec
1080 2876 1138 2937 sibi

101 3037 104 3046 Ι
179 2977 243 3019 rem
260 2959 365 3035 exequi
380 2966 440 3020 tam
455 2965 585 3021 atrocem
606 2979 661 3039 per
676 2960 813 3022 consules
837 2964 1026 3040 superiorum
1045 2978 1138 3022 anno-

179 3061 247 3102 rum
261 3041 388 3103 licuisse.
423 3042 497 3104 lxaec
518 3043 634 3105 Volscio
655 3044 821 3106 clamitante
838 3046 912 3106 adeo
931 3047 1068 3107 concitati
1083 3045 1137 3105 ho·

178 3129 274 3186 mines
289 3133 371 3196 sunt,
393 3135 425 3187 ut
438 3126 518 3188 haud
536 3127 660 3189 multum
675 3127 796 3199 afuerit,
823 3131 894 3205 quin
909 3131 1021 3209 impetu
1034 3127 1138 3208 populi

147 3219 162 3267 t
180 3210 271 3272 Caeso
283 3211 426 3273 interiret.
458 3211 614 3289 Verginius
624 3213 717 3289 arripi
727 3211 810 3273 iubet
821 3211 973 3274 bominem
985 3220 1014 3275 et
1027 3215 1059 3273 in
1075 3213 1138 3272 vin·

180 3292 245 3353 cula
260 3293 337 3354 duci.
368 3295 486 3374 patricii
502 3297 530 3356 vi
551 3304 653 3356 contra
674 3297 733 3355 rim
754 3297 904 3358 resistunt.
933 3297 966 3358 Τ.
984 3295 1138 3366 Quinctius

180 3374 322 3447 clamitat,
338 3380 386 3438 oui
402 3379 447 3439 rei
465 3377 669 3461 capitalisdics
685 3379 762 3440 dicta
778 3381 817 3448 sit
834 3385 863 3440 et
879 3379 916 3441 de
933 3397 991 3458 quo
1006 3381 1139 3441 futurum

180 3477 274 3539 prope
290 3461 368 3521 diem
382 3462 538 3532 iudicium,
557 3479 624 3523 eum
632 3463 834 3524 indemnatum
848 3463 959 3525 indicta
975 3482 1062 3525 causa
1077 3478 1138 3522 non
