2580 3954
253 191 317 256 242
424 203 519 246 nrern
536 204 578 246 ιν.
610 203 680 245 oar.
695 195 740 250 48.
771 182 809 266 [a.
827 204 857 244 u.
870 204 896 244 e.
913 185 1041 261 333.340]

255 362 358 432 captus
371 354 479 414 viritim
494 351 689 420 divideretur,
705 366 887 428 magnaeque
903 352 994 429 partis
1013 351 1162 412 nobilium
1177 371 1212 414 eo

215 443 238 500 ii
253 435 336 516 plebi
347 438 420 498 scito
431 433 653 514 publicarentur
664 434 800 495 fortunae
813 467 848 478 -
863 450 919 495 nec
931 435 1010 495 enim
1021 434 1117 497 ferme
1128 437 1212 514 quic·

254 535 343 599 qnam
358 520 435 597 agri,
451 526 485 579 ut
496 519 528 578 in
541 517 617 578 urbe
632 516 729 578 alieno
743 515 808 578 solo
824 519 938 595 posita,
960 534 1021 577 non
1036 519 1128 579 ermis
1141 536 1212 598 par-

252 611 316 663 tum
337 609 413 672 erat,
438 619 494 662 nec
509 600 588 677 quod
604 602 732 662 venisset
752 600 970 678 adsignatumve
990 599 1110 677 publice
1133 610 1211 662 esset

219 695 237 744 4
253 693 461 766 praeterquam
468 683 836 763 plebsbabebat-,atror
846 682 927 761 plebi
934 682 1127 761 patribusque
1139 701 1211 762 pro-

253 771 382 849 positum
392 767 545 829 videbatur
561 773 719 828 certamen.
745 783 801 828 nec
816 765 930 827 tribuni
942 765 1068 828 militum
1083 784 1165 828 nunc
1181 770 1211 828 in

253 861 358 914 senatu
375 853 497 911 nuncin
511 849 642 912 consiliis
655 850 775 929 privatis
794 850 962 929 principum
978 849 1118 928 cogendis
1133 851 1212 912 dam
1264 871 1265 906 3

217 945 234 996 5
254 934 371 996 consilii
391 933 594 1004 inveniebant,
617 951 685 994 cum
705 933 759 1011 Ap.
775 933 927 1002 claudus,
951 949 1045 1010 nepos
1071 935 1137 996 dus
1158 936 1212 1012 qui

253 1018 403 1079 decemvir
428 1016 543 1095 legibus
568 1016 734 1078 scribendis
755 1016 867 1086 fuerat,
900 1017 1041 1077 minimus
1072 1023 1143 1079 natu
1173 1036 1211 1078 ex

218 1113 236 1164 o
252 1108 371 1180 patrum
386 1101 529 1172 concilio,
545 1102 651 1162 dicitur
664 1100 772 1162 dixisse
786 1108 869 1160 vetus
885 1117 918 1161 se
931 1117 966 1160 ac
980 1099 1125 1162 familiare
1136 1119 1210 1163 con·

253 1185 352 1247 silium
368 1186 456 1247 domo
473 1185 604 1247 adferre:
624 1200 767 1263 proavum
785 1184 863 1244 enirn
882 1199 968 1244 suum
983 1184 1036 1261 llp.
1054 1183 1210 1246 Claudium
1265 1237 1266 1252 ,

253 1269 417 1331 ostendisse
437 1268 570 1349 patribus
592 1271 668 1328 dam
689 1283 779 1326 unam
801 1264 1003 1328 dissolvendae
1029 1265 1209 1329 tribuniciae

219 1363 236 1411 7
252 1354 405 1432 potestatis
419 1370 474 1430 per
491 1351 671 1429 collegarum
684 1351 938 1412 intercessionem.
970 1349 1056 1412 iacile
1070 1349 1209 1412 homines

251 1453 344 1497 noros
358 1437 531 1496 auctoritate
544 1436 714 1514 principum
735 1433 772 1494 de
786 1435 932 1494 sententia
946 1432 1070 1504 deduci,
1093 1436 1120 1494 si
1133 1441 1205 1495 tem·

251 1536 360 1597 porum
376 1518 525 1579 interdum
544 1519 744 1596 potiusquam
761 1517 920 1578 maiestatis
937 1534 1052 1578 memor
1067 1516 1208 1579 adbibea·

217 1603 235 1654 8
251 1608 300 1661 tur
317 1603 420 1661 oratio.
449 1618 505 1679 pro
516 1600 634 1660 fortuna
645 1598 704 1660 illis
715 1601 829 1660 animos
846 1619 920 1662 esse.
945 1599 1129 1664 ruinosam
1146 1600 1208 1662 col·
1266 1653 1267 1672 2

249 1683 332 1763 legas
350 1685 501 1763 principes
521 1683 652 1762 agendae
675 1685 721 1745 rei
738 1686 862 1761 gretiam
889 1700 1007 1745 omnem
1031 1684 1070 1746 ad
1087 1682 1206 1763 plebem

217 1772 235 1824 e
251 1785 498 1847 praeoccupasse,
521 1785 578 1829 nec
592 1766 691 1828 locum
706 1767 738 1827 in
752 1785 786 1829 ea
801 1766 938 1828 relictum
956 1766 1029 1838 sibi,
1042 1767 1122 1830 baud
1139 1786 1206 1846 gra·

250 1858 316 1914 rate
330 1851 529 1922 adclinaturos
549 1869 581 1912 se
603 1851 640 1912 ed
660 1868 779 1912 oausam
796 1857 930 1921 senatus,
957 1868 1014 1928 per
1031 1868 1120 1928 quam
1139 1853 1206 1911 uni·

202 1941 234 1994 10
251 1949 336 1996 verso
360 1934 457 1995 ordini
479 1952 546 1995 oum
563 1934 745 2013 primoribus
764 1952 797 1995 se
816 1940 934 2013 patrum
953 1933 1119 1996 conciliant.
1155 1935 1205 1996 ad·

250 2017 447 2097 probantibus
470 2019 584 2078 cunctis
613 2025 642 2079 et
667 2024 735 2078 ante
761 2034 865 2079 omnes
888 2015 923 2086 Q.
946 2017 1069 2078 Servilio
1091 2018 1204 2081 Prisco.
1267 2051 1268 2068 2

252 2102 332 2180 quod
360 2119 421 2162 non
442 2101 651 2180 degenerasset
675 2101 712 2162 ab
739 2102 831 2180 stirpe
851 2100 985 2171 Claudia,
1010 2100 1205 2163 conlaudante
1267 2095 1268 2100 ’

248 2187 386 2247 iuvenem
413 2187 564 2262 negotium
590 2184 691 2253 datm.
717 2191 753 2245 ut
778 2201 853 2262 quos
885 2186 1011 2264 ‹piisque
1042 2192 1144 2263 posset
1169 2203 1205 2246 ex

200 2271 232 2324 11
251 2267 376 2345 collegio
389 2266 577 2328 tribunorum
587 2267 624 2328 ad
638 2268 881 2330 intercessionem
896 2267 1084 2348 perlicerent
1114 2269 1204 2330 misso

250 2356 355 2414 senatu
369 2357 548 2430 prensantur
559 2351 596 2412 ab
609 2350 795 2431 principibus
808 2351 932 2414 tribuni.
957 2351 1125 2423 suadendo,
1140 2370 1204 2414 mo·

249 2435 349 2498 nendo
365 2433 592 2515 pollicendoque
606 2442 722 2512 gratum
733 2435 763 2496 id
778 2435 902 2514 singtilis
920 2437 1071 2515 privatim,
1087 2442 1204 2514 gratum

249 2520 388 2581 universo
411 2520 525 2581 senatui
545 2519 627 2589 lore,
654 2537 707 2580 ser
734 2519 771 2580 ad
793 2519 1035 2582 intercessionem
1061 2535 1203 2598 conpara·

201 2608 233 2658 12
249 2621 328 2664 rere.
358 2610 536 2682 posteroque
552 2603 599 2664 die
614 2620 733 2664 cumen
747 2603 911 2681 composito
926 2602 1051 2664 relatum
1066 2602 1105 2664 ad
1119 2619 1203 2664 sena·

248 2693 312 2746 tum
328 2693 406 2747 esset
419 2686 457 2748 de
472 2686 632 2756 seditione,
647 2702 737 2763 quam
750 2685 902 2748 blaecilius
912 2685 1100 2763 Metiliusque
1114 2684 1202 2764 largi-

200 2775 232 2828 lt
248 2770 330 2831 tione
340 2770 461 2849 pessimi
473 2768 765 2847 exempliconcirent,
778 2787 830 2832 eae
839 2771 1011 2832 oratlonesa
1021 2768 1202 2849 primoribus

248 2851 1203 3017 {diffidentiumidistilentilli

248 3033 373 3096 usquam
382 3026 589 3098 praeterquam
599 3021 630 3080 in
643 3020 802 3082 tribunicio
813 3019 931 3082 auxilio.
951 3022 985 3081 in
1000 3024 1064 3084 eius
1074 3027 1202 3100 potesta·

247 3102 287 3164 tis
303 3101 390 3164 fidem
406 3104 635 3166 circumventam
650 3122 715 3166 rem
731 3103 881 3183 publicam
895 3112 1045 3182 tamquam
1057 3105 1200 3183 privatim

199 3191 232 3243 14
248 3186 368 3265 inopem
390 3188 558 3266 coningere.
593 3187 781 3266 praeclarum
797 3189 880 3267 ipsis
905 3189 1100 3268 potestatique
1128 3205 1201 3257 esse,

248 3285 310 3330 non
332 3270 368 3332 ad
386 3273 549 3333 vexandum
568 3278 702 3334 senatum
722 3271 960 3350 discordiamque
976 3273 1115 3334 ordinum
1138 3288 1202 3332 mo·

247 3352 373 3414 rendam
394 3354 461 3433 plus
478 3356 510 3415 iu
524 3355 675 3417 tribunatu
692 3356 799 3416 virium
821 3375 887 3418 esse
904 3373 993 3434 qnam
1010 3355 1045 3416 ad
1060 3355 1201 3417 resisten-

198 3443 230 3496 te
248 3433 319 3496 dum
332 3437 467 3515 inprobis
482 3437 610 3517 collegis.
647 3439 780 3502 fremitus
799 3439 907 3502 deinde
926 3441 1057 3502 universi
1082 3443 1201 3502 senatus
