2522 3954
209 214 319 264 uxxtv
377 212 424 261 Dm
447 211 519 259 'l'll'l
543 209 628 258 mvn
651 208 733 258 VlTA
755 207 980 257 anserinum.

210 373 363 431 Flavianum
378 387 402 427 a.
417 389 443 446 p.
458 370 504 427 Ch.
518 387 545 426 n.
557 376 609 431 383
622 367 814 444 proconsulem
823 367 912 431 haiae,
926 373 977 429 431
995 369 1171 444 praelectum.

209 455 362 533 practorio,
384 452 574 513 Nicomachum
595 453 721 510 Dextrum
739 459 789 514 431
804 451 972 526 praelectum
986 453 1064 517 urbi,
1081 453 1173 511 Victo·

209 541 314 597 rianum
329 537 359 608 Q.
377 537 480 596 Aurelii
495 536 653 612 Symmachi,
673 536 719 610 qui
736 536 836 610 etipse
851 535 955 592 bivium
970 531 1172 610 tractabat²³⁸h
1256 527 1257 576 ἶ

210 623 368 682 familiarem
388 621 481 680 luisse.
513 620 566 678 Sed
585 621 614 677 in
633 620 721 695 prima
742 619 840 678 decade
860 619 984 677 videntur
1006 621 1172 685 substitisse.

209 717 282 768 certe
304 705 469 782 reliquarum
487 721 521 762 ne
540 703 723 779 antiquissimi
745 703 853 779 quidem
868 703 975 761 codices
992 704 1173 780 subscriptio·

104 831 107 836 ,
153 824 166 836 ν
209 809 274 850 num
288 791 388 848 babent
402 789 525 864 vestigia,
543 796 590 846 aut
605 788 628 846 ai
644 805 713 864 quae
727 781 888 860 habent²³⁹l
902 805 963 846 cum
980 786 1034 846 illis
1050 789 1172 848 conferri
1256 799 1257 804 ’

322 882 410 932 nsunt.

209 891 375 1016 nonlllllum
390 957 475 1032 igitur
489 956 610 1014 virorum
625 973 657 1014 ex
671 956 776 1032 primae
788 956 895 1016 decadis
912 956 1103 1031 manuscriptis
1127 957 1172 1014 ad·

209 1045 262 1102 huc
284 1040 432 1116 exploratis
452 1049 480 1099 et
499 1040 647 1098 aestimatis
669 1039 764 1114 optimi
786 1049 893 1100 servant
913 1039 1107 1098 recensionem.
1137 1040 1172 1099 lis
1256 1057 1257 1072 ¹

209 1144 273 1184 num
289 1125 459 1200 antiquiores
474 1133 582 1189 exstent
598 1133 626 1182 et
644 1142 676 1182 cx
691 1122 744 1180 alio
760 1124 978 1199 lonte'prolecti,
995 1124 1114 1184 nondum
1130 1143 1172 1182 aa·

211 1213 245 1268 tis
260 1218 365 1269 certum
382 1216 434 1268 est.
458 1209 523 1267 Nam
537 1225 570 1266 ex
586 1208 839 1272 codiceVeronensn
856 1208 902 1284 qui
917 1207 1050 1266 librcmm
1063 1207 1172 1265 tlt-vt

209 1293 339 1370 reliquias
353 1293 484 1358 continet,
504 1301 556 1350 tam
566 1311 651 1369 pauca
662 1300 788 1367 excerpta
801 1301 873 1357 aunt,
887 1301 919 1350 ut
934 1310 988 1368 qua
1002 1300 1090 1350 aetate
1105 1294 1159 1352 scri

209 1389 273 1455 ptus
291 1379 335 1442 sit.
351 1389 463 1452 atquae
479 1377 551 1435 inter
566 1385 665 1435 eumet
676 1375 739 1434 illos
754 1377 870 1442 codices,
888 1377 934 1452 qui
945 1376 1168 1435 llicomachorum

210 1459 346 1536 exemplar
363 1469 523 1535 sequuntur.
541 1462 611 1517 ratio
630 1461 788 1524 intercedat,
804 1469 879 1520 recte
892 1461 1011 1536 perspici
1029 1477 1084 1518 non
1106 1479 1172 1536 pos·

210 1545 246 1604 sit
257 1539 324 1620 2⁴⁰);
345 1553 374 1602 et
390 1543 472 1602 alium
488 1544 624 1609 codicem,
640 1545 763 1618 quiante
780 1561 882 1602 nonum
900 1545 1037 1628 saeculum
1052 1544 1172 1621 scriptus

157 1689 159 1695 ,
210 1645 270 1688 esse
291 1629 392 1694 lertur,
410 1647 425 1686 a
440 1629 498 1685 viro
515 1628 630 1703 quodam
645 1629 727 1686 docto
744 1628 772 1684 in
787 1629 852 1686 aede
867 1646 943 1688 sacra
959 1628 1114 1687 Florentiae
1131 1630 1172 1686 in-

210 1714 302 1771 notuit
317 1713 425 1788 quidem
442 1711 581 1769 inventum
599 1729 667 1776 esse,
683 1713 731 1769 scd
755 1712 841 1787 qualis
857 1714 894 1770 sit
911 1713 991 1770 etiam
1007 1730 1079 1772 nunc
1093 1714 1173 1788 igno·

210 1790 349 1870 ratur²⁴¹).
364 1795 517 1870 llonmagis
533 1796 782 1856 constatdecodice
792 1797 907 1872 quodam
922 1796 1010 1854 litenis
1019 1795 1172 1855 uncialibus

211 1881 327 1956 scripto.
344 1897 425 1955 quem
439 1880 511 1938 inter
525 1880 611 1938 libros
624 1879 801 1939 hslaewianos
816 1897 849 1938 ex
863 1879 954 1939 Sicilia
964 1881 993 1937 in
1006 1881 1172 1939 Britanniam

210 1962 321 2022 allatum
337 1963 633 2038 l.Steph.Bernhardus
651 1966 678 2021 in
696 1963 812 2040 epistola
828 1959 1062 2040 adheisliu1n²⁴²)
1077 1971 1172 2028 allati

210 2049 272 2106 data
293 2056 500 2112 commemorat,
520 2041 766 2122 Alscbeislius243)
784 2049 811 2105 in
827 2047 1018 2107 bibliothecam
1033 2048 1173 2124 'layloria-

211 2149 272 2189 nam
286 2133 417 2207 migrasse
431 2127 566 2206 prodidit:
584 2149 672 2207 neque
688 2133 758 2190 enim
771 2131 941 2190 Alscheislaio
956 2150 1044 2208 neque
1060 2133 1172 2192 llertzin

211 2217 336 2291 contigit,
353 2224 383 2272 ut
400 2223 447 2273 aut
461 2215 561 2272 librum
575 2215 665 2290 ipsum
685 2216 806 2274 viderent
823 2225 870 2274 aut
882 2217 998 2291 vestigia
1012 2217 1071 2275 eius
1093 2235 1172 2292 repe·

212 2301 307 2358 nirent.
345 2299 395 2366 Qui
408 2299 515 2358 codices
533 2307 676 2374 antequam
693 2306 741 2358 aut
756 2317 849 2358 omues
864 2308 910 2358 aut
925 2317 997 2358 unns
1011 2300 1113 2360 alterve
1128 2318 1173 2359 ex·

214 2383 286 2443 tussi
298 2383 408 2447 luerint,
424 2383 457 2440 iis
469 2391 514 2440 ‘est
530 2384 667 2449 standum,
684 2384 730 2458 qui
743 2383 967 2442 llicomachorum
982 2393 1010 2442 et
1023 2385 1172 2444 victoriani

213 2467 397 2528 recensionem
410 2467 546 2531 exhibent,
559 2485 628 2541 quos
644 2485 737 2526 omnes
751 2485 783 2526 ex
794 2485 849 2525 uno
862 2468 1008 2544 exemplari
1017 2470 1171 2544 descriptos

214 2569 273 2610 esse
290 2560 363 2611 recte
378 2552 517 2628 perspexit
536 2545 766 2625 Niebuhrins²⁴⁴).
795 2552 835 2609 hd
856 2552 909 2612 hoc
925 2571 985 2612 oum
1001 2554 1124 2618 accedat,
1140 2561 1172 2612 ut

214 2637 384 2711 ignoremus,
400 2636 538 2711 quomodo
556 2635 602 2692 illa
620 2636 742 2694 recensio
757 2637 828 2695 iacta
844 2636 888 2700 sit.
906 2645 997 2694 utrum
1012 2636 1084 2702 libri.
1101 2655 1171 2713 quos
1256 2669 1257 2682 .

279 2812 339 2878 238)
352 2815 402 2866 Vid.
415 2816 548 2879 Symmachi
566 2817 641 2882 Epist.
654 2819 692 2878 lll,
706 2817 751 2870 la:
769 2833 868 2876 ..munus
886 2822 957 2870 totius
975 2821 1066 2871 litiani
1084 2821 1172 2886 operis.

214 2883 274 2948 qnod
286 2882 408 2946 spopondi,
422 2883 554 2934 etiamnunc
566 2884 688 2946 diligentia
700 2887 871 2938 emendationis
883 2891 1014 2939 moratnr“.

280 2947 340 3065 239)
354 2950 380 3000 ln
392 2949 508 3000 Puteaneo
520 2951 589 3002 libris
600 2953 669 3004 llllVl
678 2979 706 3014 -,
714 2953 784 3004 xxix
797 2954 870 3004 altera
882 2968 965 3005 manus
977 2955 1104 3021 adscripsit
1116 2971 1172 3014 „re-

215 3030 289 3078 cogno
307 3018 340 3066 1“.
410 3021 413 3030 ’

280 3080 340 3147 PAO)
355 3083 465 3134 Codicem
477 3085 566 3136 invenlt
578 3094 600 3136 et
611 3088 688 3137 varias
701 3088 815 3139 lectiones
827 3089 869 3138 lib.
882 3089 914 3138 lll
927 3087 989 3139 cae
1001 3090 1119 3154 excerpsit
1131 3091 1170 3140 Fr.

215 3152 325 3208 blumins,
339 3165 359 3200 r.
373 3151 432 3202 llus.
444 3151 519 3202 liban.
533 3153 569 3203 ed.
582 3154 694 3204 Niebuhr.
708 3161 730 3203 ct
742 3155 850 3205 Brandis.
864 3155 914 3206 Vol.
928 3158 957 3212 ll.
970 3153 1020 3207 336
1032 3170 1067 3220 sq.

281 3216 341 3280 nal)
354 3217 404 3268 Vid.
418 3219 561 3280 lllgemeine
572 3221 669 3284 Zeitunq
681 3223 796 3284 honustae
808 3221 897 3274 Vindel.
911 3219 977 3274 1857
986 3239 1012 3340 R.
1026 3221 1103 3274 3351.

215 3283 436 3416 bungfflgiqldl.
448 3286 469 3339 l.
479 3285 594 3342 heitlans
604 3299 652 3342 von
662 3286 713 3340 ihm
723 3288 798 3340 solbat
808 3289 987 3352 salmanche
1005 3289 1172 3342 ensbesobrei·

283 3415 343 3478 243)
356 3418 435 3468 Praei.
448 3420 494 3470 vol.
508 3420 537 3477 11,
549 3421 579 3470 xl
593 3435 659 3486 sqq.;
671 3421 749 3472 Hertz.
763 3423 823 3486 prol.
836 3423 934 3474 xxxiv.

281 3482 341 3547 244)
354 3485 414 3534 llist.
427 3485 454 3536 R.
467 3485 496 3544 11.
508 3484 571 3536 207·
584 3488 634 3538 Cic.
648 3496 716 3540 oratt.
730 3491 805 3550 iream
826 3504 849 3554 p.
862 3487 903 3540 82.
