2548 3954
267 234 363 276 mnus
378 233 400 320 ξ.
427 231 500 276 cnr.
517 223 560 278 33.
576 223 620 278 34.
648 215 685 292 [a.
704 211 738 274 C.
752 211 880 294 oto-olo]
1011 217 1050 280 37

97 383 268 460 nequando
285 399 318 442 ca
333 399 386 441 arx
398 380 525 441 hostium
544 385 628 441 esset.
656 378 687 439 id
705 397 766 442 non
779 396 865 440 muro
878 379 982 450 solum,
999 378 1051 440 sed

98 469 186 530 etiam
208 465 246 526 ob
267 464 503 526 commoditatem
524 463 638 524 itineris
653 471 743 541 ponte
757 461 897 534 Sublicio‚
913 471 973 522 turn
987 466 1051 540 pri·

97 569 179 612 mum
199 551 231 609 in
242 547 375 608 Tiberim
395 548 488 618 lacto,
506 547 647 623 coniungi
664 545 731 608 urbi
745 546 863 627 placuit.
894 543 1083 616 Quiritiuma

98 651 217 712 quoque
237 634 329 702 fossa,
350 631 428 692 haud
450 648 573 710 parvum
593 631 806 692 munimentum
829 648 845 691 a
867 628 1050 710 planioribus

98 717 178 780 aditu
197 715 279 786 locis,
298 716 372 776 Anci
384 717 464 793 regis
477 732 552 793 opus
567 720 619 775 est.
636 714 749 792 ingenti
764 716 948 776 incremento
959 712 1050 774 rebus
1067 721 1084 772 8

97 801 192 862 auctis
207 817 275 859 cum
292 800 324 860 in
337 805 418 859 tanta
426 797 613 861 multitudine
623 796 777 859 bominum
789 798 957 859 discrimine
968 804 1050 859 recte

97 903 136 946 an
157 900 315 962 perperam
337 882 407 943 iacti
433 881 556 942 confuso
576 881 707 942 facinora
732 880 912 942 clandestina
934 881 1047 951 fierent

97 985 203 1029 carcer
217 966 253 1028 ad
274 972 421 1027 terrorem
435 965 628 1026 increscentis
644 965 782 1027 audaciae
800 965 896 1025 media
914 963 989 1026 urbe
1004 967 1049 1026 in-

96 1053 214 1112 minens
228 1049 294 1110 ioro
309 1049 488 1110 aedificatur.
514 1065 571 1108 nec
586 1047 659 1109 urbs
672 1055 784 1109 tantum
800 1047 858 1109 hoe
873 1065 946 1126 rege
960 1049 1051 1110 orarit
1072 1064 1077 1074 ·

97 1135 150 1196 sed
173 1133 261 1194 etiam
281 1149 351 1210 ager
365 1133 512 1208 finesque:
537 1130 608 1192 silva
624 1131 714 1193 Mesia
729 1131 900 1193 Veientibus
915 1131 1049 1211 adempta

96 1235 192 1294 usque
207 1216 243 1277 ad
258 1234 340 1277 mare
354 1216 512 1294 imperium
523 1213 679 1293 prolatum,
695 1216 765 1276 etin
777 1233 829 1277 ore
840 1213 957 1276 liberis
969 1215 1049 1277 Ostia

95 1300 171 1362 urbs
187 1299 312 1369 condita,
331 1298 439 1360 salinae
457 1299 536 1358 circa
552 1298 660 1366 laetae:
678 1299 856 1377 egregieque
869 1297 960 1359 rebus
971 1295 1049 1359 bello

98 1385 189 1464 gestis
204 1383 285 1445 aedis
299 1382 375 1444 loris
389 1381 516 1442 Feretrii
530 1379 712 1459 amplificata.

160 1466 285 1530 XXXIV.
316 1467 395 1527 Anco
411 1471 554 1544 regnante
567 1462 714 1535 Lucumo,
736 1465 781 1526 vir
796 1465 913 1544 inpiger
927 1483 963 1526 ac
977 1465 1049 1526 divi·
1068 1469 1082 1522 1

98 1553 147 1614 tiis
161 1556 276 1630 potens,
290 1549 414 1610 Romam
429 1549 632 1626 commigravit
649 1549 787 1628 cupidine
805 1552 932 1612 maxime
946 1567 981 1611 ac
994 1569 1049 1629 spe

97 1636 197 1713 magni
218 1633 357 1702 honoris,
374 1634 458 1694 cuius
475 1632 657 1712 adipiscendi
678 1633 845 1710 Tarquiniis
861 1667 898 1710 ε-
918 1650 986 1695 nam
1006 1633 1048 1695 ibi

98 1735 217 1796 quoque
236 1717 394 1796 peregrina
417 1717 508 1794 stirpe
534 1716 678 1778 oriundus
699 1724 763 1780 erat
785 1750 821 1762 -
846 1715 967 1779 facultas
988 1733 1049 1777 non

66 1861 84 1868 ,
97 1803 203 1864 luerat
233 1800 379 1862 Demarati
399 1797 544 1862 Corinthii
565 1798 738 1870 filiuserat,
763 1801 814 1878 qui
829 1799 868 1860 ob
889 1801 1049 1864 seditiones
1067 1807 1083 1855 ²

98 1886 186 1946 domo
204 1883 348 1962 profugus
369 1900 437 1944 oum
459 1882 627 1960 Tarquiniis
648 1883 724 1944 torte
736 1883 932 1954 consedisset,
954 1902 1049 1946 uxore

97 1968 141 2030 lbi
162 1968 246 2028 ducta
267 1967 340 2028 duos
363 1965 439 2027 filios
457 1968 567 2044 genuit.
598 1968 718 2028 nomina
742 1966 788 2027 bis
808 1965 939 2028 Lucumo
962 1974 1049 2046 atque

96 2053 211 2113 Arruns
225 2051 352 2111 luerunt.
374 2050 505 2111 Lucumo
518 2049 663 2127 superfuit
670 2051 748 2128 patri
758 2049 906 2111 bonorum
918 2051 1049 2112 omnium

97 2136 201 2204 heres,
220 2134 334 2194 Arruns
355 2135 439 2213 prior
459 2149 547 2210 quam
567 2140 651 2211 pater
671 2135 796 2195 moritur
816 2152 910 2194 uxore
932 2134 1049 2211 gravida

96 2218 211 2280 relicta.
234 2235 290 2279 neo
307 2216 358 2278 diu
367 2223 466 2278 manet
476 2223 626 2296 superstes
636 2216 696 2277 tilio
707 2223 807 2297 pater;
825 2219 876 2295 qui
887 2219 1049 2294 cumigno·
1067 2234 1084 2286 a

97 2320 168 2363 rans
190 2319 298 2362 nurum
320 2307 453 2363 vestirem
472 2300 553 2362 ierre
571 2302 718 2362 inmemor
738 2303 769 2362 in
784 2301 918 2364 testando
934 2302 1050 2380 nepotis
1076 2344 1079 2349 s

97 2386 280 2454 decessisset,
295 2402 389 2463 puero
400 2390 468 2462 post
478 2385 523 2444 avi
534 2386 701 2446 mortemin
712 2383 823 2446 nullam
834 2392 945 2448 sortem
955 2383 1049 2462 bono·

95 2487 165 2530 rum
176 2475 244 2529 nato
255 2466 291 2528 ab
302 2469 402 2547 inopia
413 2467 521 2545 Egerio
532 2467 658 2528 inditum
669 2468 968 2530 nomenabucumoni
979 2485 1049 2530 oon·
1067 2482 1082 2529 4

97 2561 143 2614 tra
158 2553 289 2612 omnium
303 2549 408 2612 heredi
427 2549 575 2612 bonorum
590 2567 663 2612 cum,
674 2551 790 2612 divitiae
805 2553 863 2612 iam
879 2552 993 2611 animos
1006 2552 1048 2612 la·

97 2641 209 2705 carent,
224 2635 304 2696 auxit
319 2634 404 2696 ducta
417 2633 449 2694 in
463 2635 682 2695 matrimonium
696 2633 838 2712 Tanaquil
855 2651 969 2696 summo
981 2633 1048 2696 loco

96 2726 174 2789 nata,
187 2724 216 2780 et
227 2735 301 2795 quae
311 2717 390 2779 baud
401 2716 487 2778 facile
499 2717 555 2789 bis,
567 2719 599 2778 in
611 2716 718 2796 quibus
728 2725 795 2778 nata
807 2724 880 2788 erat,
891 2717 1048 2780 humiliora

8 2819 11 2825 ’
96 2803 209 2864 sineret
224 2819 273 2871 ea,
297 2818 356 2878 quo
369 2801 558 2879 innupsisset.
583 2800 791 2880 spernentibus
806 2801 938 2863 Etruscis
952 2801 1048 2863 Lucu·
1066 2806 1083 2856 5

96 2903 216 2946 monem
234 2883 319 2946 exule
340 2884 451 2945 aduena
469 2891 582 2956 ortum,
603 2871 683 2946 liure
701 2885 904 2964 indignitatem
918 2904 978 2947 non
995 2905 1048 2965 po·

96 2969 165 3038 tuit,
184 2967 332 3045 oblitaque
346 2968 495 3045 ingenitae
511 2985 580 3047 erga
597 2970 722 3047 patriam
737 2971 873 3038 caritatis.
890 2969 1048 3032 dummodo

97 3053 193 3112 uirum
206 3051 383 3112 honoratum
397 3051 517 3124 videret,
534 3053 690 3114 consilium
706 3053 853 3131 migrandi
867 3052 904 3114 ab
924 3055 1048 3131 Tarqui·

96 3137 155 3196 niis
171 3136 259 3215 oepit.
293 3134 386 3196 lloma
404 3143 448 3196 est
463 3135 498 3204 ad
513 3135 544 3196 id
559 3137 834 3215 potissimumrisa:
859 3137 894 3215 in
904 3154 980 3196 noro
994 3154 1047 3214 po·
1065 3150 1082 3202 o

96 3218 183 3298 pulo,
205 3217 258 3279 ubi
279 3219 375 3282 omnis
397 3221 551 3296 repentina
572 3227 661 3298 atque
682 3239 719 3282 ex
732 3221 838 3280 virtute
852 3218 989 3280 nobilitas
1002 3223 1048 3291 sit,

96 3303 229 3364 iuturum
242 3299 341 3362 locum
357 3301 427 3363 lorti
440 3320 475 3364 ao
488 3311 610 3364 strenuo
625 3305 703 3372 riro;
718 3319 859 3380 regnasse
870 3304 984 3365 Tatium
997 3305 1048 3366 Sa·

96 3384 209 3457 binum,
223 3385 397 3446 arcessitum
406 3386 437 3446 in
448 3403 573 3465 regnum
584 3385 709 3448 Numam
720 3406 736 3449 a
749 3385 884 3458 Curibus,
897 3394 926 3448 et
936 3387 1047 3450 ducum

95 3467 206 3530 Sabina
225 3476 319 3530 matre
331 3468 630 3548 ortumnobilemque
641 3487 699 3530 una
711 3470 839 3550 imagine
850 3470 962 3533 Numae
973 3489 1047 3532 esse.
