2572 3956
189 246 251 306 140
325 257 420 299 ursus
435 258 484 298 111.
508 257 580 299 cnr.
597 247 639 301 14.
656 249 700 301 15.
726 235 766 318 [a.
780 257 811 296 n.
828 237 931 301 o.'293.
945 233 1008 316 294]

155 403 258 467 talibi
278 403 430 484 popularis
450 407 586 466 iuventus
606 412 677 466 erat.
719 421 774 465 nec
801 411 898 465 cetera
922 401 1010 462 modo
1032 403 1146 464 tribuni

188 487 348 565 tranquillo
371 506 530 567 peregere,
555 488 607 550 sed
621 487 725 548 reiecti
746 503 864 564 quoque
884 489 915 545 in
937 485 1146 563 insequentem

189 589 307 632 annum.
338 589 377 632 ne
396 588 469 632 roco
489 572 608 647 quidem
620 570 822 639 incommoda,
844 569 953 630 nedum
974 579 1007 628 ut
1025 568 1084 630 ulla
1101 571 1145 631 m's

188 655 286 724 fleret,
314 653 454 733 paulatim
475 653 686 734 permulcendo
705 652 917 729 tractandoque
941 653 1145 714 mansuefece-

187 748 255 798 rant
268 737 395 816 plebem.
424 737 470 798 bis
484 755 539 816 per
552 746 646 797 totum
660 754 769 796 annum
787 735 899 796 artibus
914 734 962 796 lex
983 734 1063 796 elusa
1089 743 1144 797 est

156 832 169 884 1
249 821 309 882 xv.
339 822 494 898 Accipiunt
503 821 648 881 civitatem
658 817 852 898 placidiorem
863 817 1001 880 consules
1015 819 1045 880 C.
1059 819 1144 881 Clau-

188 906 254 964 dius
269 904 346 982 Appi
360 902 438 964 iilius
453 911 483 963 et
496 903 528 964 P.
540 902 673 964 Valerius
683 901 844 963 Publicola.
875 901 949 962 nihil
966 904 1035 962 novi
1049 919 1145 963 novus

188 1005 282 1047 annuus
299 985 451 1047 attulerat:
470 985 544 1063 legis
560 986 701 1047 serendae
715 993 766 1046 aut
780 985 970 1063 accipiendae
986 1003 1058 1046 cura
1074 985 1145 1045 ciri-

153 1080 171 1129 2
187 1078 277 1132 tatem
291 1068 419 1131 tenebat
448 1077 589 1147 quantum
610 1071 741 1131 iuniores
761 1075 878 1147 patrum
895 1066 977 1146 plebi
998 1088 1030 1130 se
1050 1071 1145 1146 magis

186 1152 390 1222 insinuabant,
408 1172 443 1213 eo
459 1155 556 1214 acrius
570 1161 673 1213 contra
687 1151 801 1212 tribuni
815 1149 991 1221 tendebant,
1014 1161 1048 1211 ut
1062 1151 1144 1230 plebi

154 1248 171 1299 3
187 1243 340 1315 suspectos
352 1253 403 1297 eos
415 1236 599 1297 criminando
610 1236 755 1298 iacerent:
781 1236 1016 1297 coniurationem
1027 1235 1144 1303 iactam,

188 1321 348 1382 Caesonem
359 1319 471 1382 Rornae
482 1338 563 1388 esse;
577 1318 851 1381 interficiendorum
862 1317 1065 1388 tribunorum,
1081 1326 1146 1378 tru-

187 1403 328 1464 cidandae
345 1400 440 1480 plebis
456 1401 578 1463 consilia
596 1403 676 1462 inita.
708 1402 739 1462 id
753 1403 864 1480 negotii
875 1402 974 1462 datum
993 1401 1030 1462 ab
1046 1403 1145 1463 senio-

187 1485 270 1546 ribus
278 1493 412 1564 patrum,
429 1495 462 1545 ut
477 1487 613 1546 iuventus
624 1484 813 1547 tribuniciam
824 1490 998 1563 potestatem
1010 1505 1027 1546 e
1044 1504 1078 1546 re
1090 1502 1143 1562 pu·

188 1569 266 1628 blica
281 1567 413 1637 tolleret,
437 1568 591 1646 iormaque
609 1568 713 1630 cadem
728 1570 851 1630 civitatis
874 1576 964 1637 esset,
986 1585 1061 1646 quae
1076 1576 1145 1629 aute

153 1662 170 1710 4
188 1653 311 1714 Sacrum
326 1657 456 1712 montem
467 1659 643 1730 occupatum
658 1653 762 1714 iuerat
793 1663 850 1713 cta
866 1651 980 1712 Volscis
995 1660 1024 1712 et
1036 1653 1145 1728 Aequis

187 1741 293 1796 statum
307 1737 366 1795 iam
377 1752 411 1794 ac
423 1751 517 1812 prope
529 1733 672 1796 sollemne
685 1738 716 1795 iu
729 1734 860 1814 singulos
876 1753 968 1796 annos
984 1734 1094 1797 bellum
1108 1738 1145 1795 ti·

187 1816 337 1888 mebatur,
360 1818 541 1896 propiusque
561 1817 639 1878 allud
655 1835 762 1878 novum
777 1817 887 1879 malum
902 1820 1077 1898 necopinato
1094 1837 1144 1878 ex·

153 1909 294 1964 tortum.
330 1898 430 1961 exules
446 1903 582 1980 servique
603 1902 640 1963 ad
656 1903 714 1962 duo
733 1901 813 1962 milia
836 1901 990 1963 hominum
1010 1912 1039 1962 et
1058 1903 1145 1978 quin·

188 1986 269 2062 genti
286 1985 361 2045 duce
382 1985 477 2063 Appio
495 1985 646 2046 llerdonio
665 1985 774 2046 Sabino
797 1993 884 2046 nocte
906 1985 1081 2063 Capitolium
1101 1994 1144 2044 at-

153 2081 170 2132 o
188 2086 245 2145 que
266 2085 367 2128 arcem
395 2085 587 2147 occupavere.
620 2070 775 2130 confestim
799 2070 830 2127 iu
852 2085 921 2129 arce
940 2068 1016 2128 iacta
1039 2069 1145 2129 caedes

188 2168 306 2222 eorum,
333 2151 384 2227 qul
404 2153 562 2213 coniurare
584 2161 612 2212 et
632 2151 719 2212 simul
739 2169 847 2230 capere
869 2169 948 2212 arma
977 2151 1143 2212 noluerant.

187 2233 236 2296 alii
251 2235 330 2295 iuter
344 2231 501 2294 tumultum
517 2237 695 2314 praecipites
710 2253 819 2314 pavore
840 2237 871 2295 iu
886 2235 984 2296 iorum
998 2233 1143 2304 devolant,

187 2317 317 2379 alternae
329 2321 418 2376 'voces
432 2317 491 2386 „ad
505 2327 608 2380 arma“
627 2327 657 2380 ct
670 2319 789 2389 „hostes
803 2320 834 2379 in
848 2316 924 2380 tube
939 2326 1028 2380 sunt“
1043 2318 1144 2379 audie·

152 2416 168 2464 7
185 2400 302 2461 bantur.
320 2398 456 2461 consules
472 2409 501 2463 et
517 2419 634 2464 armare
646 2401 766 2481 plebem
783 2412 813 2463 et
826 2403 970 2464 inermem
981 2403 1043 2481 pati
1059 2403 1144 2462 time·

185 2484 265 2545 bant.
295 2483 419 2553 incerti,
437 2487 516 2562 quod
529 2485 639 2546 malum
650 2488 853 2564 repentinum,
873 2492 1026 2548 externum
1043 2503 1081 2546 an
1097 2487 1144 2546 in·

184 2569 339 2638 tostinum,
357 2565 394 2628 ab
406 2567 474 2628 odio
489 2568 584 2647 plebis
596 2586 633 2630 an
647 2569 684 2630 ab
696 2567 795 2630 servili
809 2568 927 2637 fraude,
946 2568 1052 2630 urbem
1063 2571 1144 2629 inva-

185 2653 285 2721 sisset,
309 2649 450 2712 sedabant
469 2652 625 2722 tumultus,
648 2653 778 2715 sedando
798 2653 948 2713 interdum
970 2651 1142 2714 movebant:

184 2736 330 2795 necerim
347 2738 464 2810 poterat
477 2735 580 2812 pavida
596 2743 624 2797 et
639 2743 826 2798 consternata
842 2735 996 2796 multitudo
1012 2738 1076 2813 regi
1088 2737 1143 2794 im·

150 2819 279 2895 sperio.
316 2816 386 2876 dant
406 2823 504 2878 tamen
519 2837 614 2889 arma,
637 2837 698 2880 non
718 2819 819 2898 vulgo,
839 2826 952 2879 tantum
974 2828 1006 2879 ut
1027 2821 1142 2879 incerto

184 2900 268 2961 hoste
278 2899 459 2978 praesidinm
474 2902 544 2962 satis
558 2902 649 2963 lidum
663 2903 700 2963 ad
711 2904 809 2963 omnia
823 2911 909 2964 esset
940 2902 1059 2964 solliciti
1073 2901 1143 2962 reli·

184 2999 275 3060 quum
294 2984 390 3043 noctis
405 2985 587 3062 incertique,
610 2987 661 3063 qui
677 2986 829 3055 homines,
854 2992 980 3064 quantus
1001 3003 1143 3046 numerus

183 3066 312 3127 hostium
332 3075 423 3138 esset,
451 3070 483 3128 in
504 3067 679 3130 stationibus
703 3068 894 3147 disponendis
915 3068 952 3130 ad
975 3076 1142 3147 opportuna

184 3152 280 3210 omnls
299 3149 383 3212 urbis
403 3149 468 3214 loca
487 3169 583 3230 egere.
613 3151 664 3213 lux
685 3153 791 3214 deinde
821 3155 936 3231 aperuit
956 3151 1067 3214 bellum
1089 3152 1142 3212 dtr·

149 3249 167 3301 o
184 3249 308 3310 comque
323 3232 404 3295 belli.
433 3253 534 3296 servos
550 3235 587 3295 ad
606 3233 772 3297 libertatem
787 3237 899 3314 Appius
916 3236 1084 3296 llerdonius
1106 3253 1142 3295 ex

184 3315 328 3393 Capitolio
345 3316 481 3379 vocabat:
513 3337 545 3380 so
562 3321 721 3380 miserrimi
735 3320 877 3396 cuiusque
888 3321 1055 3398 suscepisse
1072 3335 1142 3378 oau-

183 3416 261 3466 sam,
287 3406 320 3458 ut
342 3399 442 3462 exules
462 3403 568 3462 iniuria
593 3401 696 3479 pulsos
717 3405 748 3463 ln
770 3404 896 3481 patriam
915 3403 1087 3470 reduceret,
1112 3409 1142 3461 et

182 3483 309 3544 servitiis
323 3498 412 3562 grave
425 3485 528 3563 iugum
543 3483 684 3546 demeret.
721 3486 751 3548 id
775 3484 863 3548 mallo
881 3484 992 3566 populo
1006 3485 1141 3546 Romano
