2522 3954
285 210 332 260 DE
352 210 425 280 ‘utri
447 209 534 258 mvn
557 209 640 259 VITA
661 210 706 258 ΕΤ
727 209 890 260 semrom.
981 214 1066 262 uxxt

97 371 275 446 loqueretur,
297 379 378 428 etiarn
401 386 416 426 a
433 368 507 444 vulgi
526 368 681 426 bominibus
696 386 780 429 sonus
794 369 948 428 Atticorum
962 371 1067 430 deside-

98 456 224 519 rabatur,
234 454 354 528 itemque
367 452 470 512 nostris
483 452 578 510 diebus
589 452 658 510 iniis
672 453 795 518 urbibus,
811 471 880 528 quae
894 455 1027 530 elegantis
1038 466 1067 514 ct

99 538 200 596 urbani
217 537 351 596 sermonis
365 535 444 595 laude
459 537 632 612 potissimum
646 537 754 603 dorent,
771 539 818 613 qui
834 538 941 596 aliunde
955 541 1066 598 veniunt

99 622 182 680 facile
204 623 418 696 dignoscuntur.
440 620 521 694 quid?
548 621 622 695 quod
643 638 675 678 ex
694 621 830 679 scribendi
850 639 949 696 genere
965 641 997 680 ex
1013 641 1066 698 qua

98 705 170 764 urbe
192 704 293 779 aliquis
313 705 444 763 oriundus
462 704 501 760 sit
519 721 535 761 a
553 703 650 779 peritis
670 705 804 764 conicitur
811 699 878 780 ²²²),
901 705 940 764 sic
958 707 1065 772 domae,

100 806 268 865 quamquam
282 788 394 846 Latinus
411 805 501 845 sermo
517 788 569 845 iam
584 805 636 862 per
649 797 735 846 totam
755 791 812 848 lere
829 789 932 847 ltaliam
947 793 1066 866 pertine·

100 874 147 932 bat
163 883 192 930 et
206 889 301 931 omnes
321 871 406 929 italici
421 871 533 930 Romani
548 871 613 930 laeti
628 881 714 937 erant,
730 882 817 931 tanen
832 891 887 932 non
902 875 930 931 in
947 876 1066 932 omnium

99 973 230 1016 sermone
243 955 340 1014 butino
356 955 435 1013 color
450 955 539 1014 iuerat
554 955 688 1021 urbanus.
714 965 743 1015 et
764 958 810 1032 qui
828 975 883 1016 non
898 967 945 1016 aut
959 959 1017 1016 uati
1038 959 1066 1016 in

98 1041 169 1099 urbe
195 1047 274 1099 erant
293 1049 340 1097 aut
362 1057 376 1096 a
397 1039 516 1114 pueritia
538 1039 701 1099 auribuset
722 1041 858 1100 mentibus
880 1042 951 1101 bunc
969 1059 1066 1101 sonum

98 1132 281 1200 perceperant
296 1132 325 1180 et
335 1123 497 1180 imbiberant
507 1122 722 1199 elegantioribus
729 1125 857 1183 Romanis
872 1125 975 1200 aliquid
987 1144 1067 1202 pere·

98 1209 173 1282 grini
195 1215 243 1264 aut
261 1222 318 1265 non
339 1205 436 1264 urbani
453 1206 552 1264 habere
566 1206 650 1264 videri
663 1218 801 1282 poterant.
834 1208 903 1278 Quid
918 1218 1007 1268 autem
1024 1227 1066 1268 es·

98 1301 141 1350 set
157 1291 293 1348 urbanum
314 1289 381 1347 illud
396 1306 479 1347 sensu
494 1290 581 1364 magis
594 1291 809 1365 percipiebatur,
826 1309 906 1366 quam
922 1309 975 1367 qua
990 1292 1018 1349 in
1037 1311 1066 1351 re

98 1375 199 1433 lateret
219 1374 300 1450 plane
324 1381 352 1432 et
368 1374 513 1448 perspicue
535 1373 589 1432 dici
605 1381 727 1448 poterat,
751 1391 840 1449 neque
865 1375 1006 1449 probabile
1024 1386 1067 1433 cst

100 1459 171 1517 alios
188 1458 340 1517 accuratius
355 1457 503 1532 explicasse
519 1475 599 1532 quam
613 1457 771 1516 Ciceronem
777 1451 838 1533 ²²³),
857 1460 911 1534 qui.
926 1477 987 1518 cum
1000 1461 1066 1518 Bru·

99 1553 144 1602 tus
161 1542 209 1617 qui
228 1550 302 1600 essct
318 1543 369 1599 iste
386 1541 548 1600 urbanitatis
564 1541 641 1599 color
652 1543 857 1617 interrogasset,
873 1544 939 1602 haec
952 1562 1066 1620 respou-

98 1630 159 1686 det:
179 1625 307 1693 „nescio;
323 1632 429 1686 tautum
444 1642 504 1683 esse
521 1626 653 1699 quendam
670 1627 736 1684 scio.
754 1627 781 1684 id
798 1637 835 1690 tu,
850 1629 940 1693 brute.
956 1629 1009 1685 iam
1025 1629 1066 1685 in-

97 1711 218 1787 telliges.
233 1729 294 1770 cum
309 1711 337 1768 in
352 1709 465 1770 Galliam
479 1710 594 1767 veneris.
610 1710 703 1768 audies
721 1719 751 1767 tu
765 1711 873 1786 quidem
889 1712 970 1768 etiam
985 1712 1065 1769 verba

98 1796 231 1871 quaedam
245 1813 300 1852 uon
317 1795 382 1852 trita
389 1795 498 1858 Romae,
514 1794 562 1851 sed
574 1794 641 1852 haec
652 1795 752 1852 mutari
759 1794 917 1870 dediscique
932 1806 1065 1870 possunt.

99 1880 167 1938 dlud
181 1887 224 1936 est
239 1880 340 1943 maius,
358 1880 431 1954 quod
447 1879 475 1935 in
489 1877 600 1936 vocibus
616 1887 774 1936 nostrorum
791 1887 932 1936 oratorum
952 1879 1065 1936 retinnit

99 1963 227 2038 quiddam
242 1971 270 2020 et
285 1971 397 2022 resonat
413 1962 573 2020 urbanius.“
594 1962 622 2019 ld
644 1962 730 2036 igitur
743 1962 852 2019 Asinius
871 1963 970 2020 veteris
985 1963 1066 2021 disci·

99 2047 191 2122 plinae
217 2045 426 2122 incorruptiqne
455 2047 590 2104 sermonis
612 2054 640 2102 et
656 2081 659 2086 -
673 2045 840 2121 integritatis
869 2047 1064 2112 tenacissimus.

99 2131 227 2204 idemque
240 2129 290 2186 illo
311 2137 444 2204 tempore,
461 2147 517 2204 quo
531 2129 736 2187 Patavinitatem
754 2130 874 2194 notabat,
898 2131 950 2188 iam
972 2131 1064 2188 senior

98 2231 187 2289 eoque
206 2214 358 2279 morosior,
375 2215 493 2272 sortasse
513 2215 594 2271 etiam
609 2213 743 2271 Patavinis
759 2207 957 2291 infensus²²⁴),
980 2214 1008 2269 iu
1022 2215 1065 2271 Li·

100 2300 142 2356 rio
163 2298 333 2356 desiderasse
353 2297 473 2363 videtur,
496 2297 552 2354 sive
572 2297 595 2353 is
609 2295 700 2371 aliqua
717 2314 750 2353 cx
763 2295 852 2373 patria
868 2305 1006 2373 assumpta
1020 2298 1065 2355 de·

98 2383 206 2440 discere
219 2380 388 2455 nequiverat,
403 2380 582 2444 siredsinius,
598 2381 678 2438 etiam
694 2379 809 2438 aliorum
825 2382 989 2457 scriptorum
1003 2399 1065 2441 cen·

99 2482 148 2523 sor
170 2465 334 2528 acerrimus,
360 2463 434 2522 lusto
461 2463 581 2522 severius
600 2465 633 2520 de
656 2480 688 2520 eo
715 2464 840 2522 iudicavit
867 2474 895 2522 et
919 2466 991 2539 quod
1013 2467 1064 2540 ipsi

99 2548 264 2623 displicebat
279 2564 331 2621 pro
350 2548 484 2606 orationis
500 2547 565 2604 vitio
576 2546 679 2604 habuit.
703 2545 781 2615 Quod
797 2546 877 2622 quale
892 2547 1065 2616 lueritQuin·

102 2631 236 2697 tilianum,
256 2632 302 2708 qui
319 2649 399 2707 wem
418 2631 600 2690 urbanitatem
617 2647 677 2688 csse
692 2638 802 2706 putaret
819 2631 928 2706 egregie
949 2647 1065 2706 exposu-

99 2715 154 2774 erit
164 2711 225 2790 ²²⁵),
241 2733 297 2774 nou
311 2724 483 2792 perspectum
496 2714 624 2772 babuisse
639 2713 812 2789 atquedsinii
825 2714 1064 2790 reprehensionem

100 2817 155 2856 non
179 2801 278 2856 iustam
299 2816 359 2856 esse
377 2799 546 2857 existimasse
561 2797 615 2856 loci
631 2815 714 2874 supra
735 2797 809 2857 allati
826 2801 892 2857 satis
909 2798 1065 2863 declarant:

168 2946 230 3010 222)
243 2947 294 2998 vid
307 2949 374 2998 Nieb.
387 2947 467 2998 Sebol.
482 2949 500 3004 l.
511 2947 553 2998 bt.

169 3013 221 3066 223
243 3015 306 3066 Brut
320 3014 395 3072 xliii.
410 3013 466 3064 171.

169 3081 222 3162 ²²4.
243 3081 348 3132 llacrob.
354 3082 372 3139 1,
387 3079 425 3140 11,
438 3079 485 3131 22:
497 3082 712 3162 ‚Asinio'l’ollione
724 3082 809 3132 acerbe
820 3089 919 3162 eogepte
929 3083 1062 3141 Patavinos,

101 3147 1061 3280 1112111111111111111111111111111112

103 3297 156 3334 rum
168 3283 257 3334 mum
269 3283 358 3333 rictum
369 3283 474 3348 praemio
487 3281 608 3334 dominum
619 3283 778 3348 prodidisse¹⁸

169 3347 231 3413 225)
250 3350 307 3400 lust.
320 3365 356 3400 or.
370 3349 405 3408 vt,
418 3347 441 3408 3,
456 3346 519 3400 lot:
536 3364 607 3408 „nam
623 3363 676 3401 meo
688 3349 781 3414 quidem
792 3348 882 3400 iudicio
893 3349 982 3402 illaec
993 3351 1063 3402 nrbe-

103 3428 173 3474 uns.
185 3417 212 3467 in
223 3431 269 3481 qna
281 3416 341 3467 nihil
354 3417 481 3475 absonum,
494 3417 554 3469 nihil
566 3425 669 3480 agreste,
681 3417 740 3468 nibil
752 3417 910 3475 inconditum,
918 3417 982 3468 ,nibil
995 3432 1063 3481 pere·

104 3486 198 3547 eduum
209 3497 285 3548 nsque
295 3497 367 3535 sensu
379 3499 454 3549 neque
465 3484 542 3535 verbis
560 3499 635 3549 neque
646 3499 687 3535 ore
698 3491 792 3547 gesture
808 3485 883 3550 possit
894 3483 1065 3550 deprebendi.‘⁸
