2522 3954
193 248 331 298 XXXVIII
374 247 422 295 DE
441 246 512 294 Tl'l'l
529 246 616 293 LIVII
632 245 715 293 vma
736 245 782 293 ΕΤ
797 243 963 294 nements.

191 405 451 466 mirabiliumstudio
460 403 616 467 ducebatur,
631 420 719 478 noque
731 403 834 464 ineerta
848 411 876 460 et
889 402 1055 462 incredibilia
1063 416 1154 483 capta·
1252 381 1253 446 i

192 492 246 556 laet,
271 506 359 564 neque
375 505 443 564 quae
461 487 606 545 memoriae
624 487 733 561 prodita
749 495 826 547 erant
840 487 873 544 ed
888 487 1004 546 formam
1020 491 1154 564 quandam
1252 481 1253 504 *

191 584 219 632 ot
237 573 355 648 speciem
368 572 421 628 iam
441 580 504 632 ante
517 580 607 632 mente
621 579 779 647 conceptam
793 571 928 629 iavertere
946 577 974 629 et
988 573 1154 649 detorquere

192 657 331 720 studebat,
353 655 452 731 quippe
466 653 555 730 quiin
574 672 607 712 eo
625 671 731 712 omnem
752 671 860 730 operam
882 663 1011 730 poneret,
1033 665 1064 714 ut
1085 675 1154 732 quae
1252 647 1253 722 J

192 743 262 808 lacta
286 747 377 798 essent
403 738 580 814 investigaret
607 745 636 796 et
661 737 779 796 dilucido
800 747 949 813 ornatoque
978 740 1153 800 describeret.
1252 765 1253 818 ς

192 825 250 883 Non
266 825 356 882 minus
369 821 534 880 abhorrebat
548 821 581 879 ab
592 822 750 880 adsentandi
761 821 880 887 libidine,
892 823 948 897 qui,
960 841 1021 882 cum
1034 825 1153 898 Augusti

192 917 279 966 aetate
299 907 425 971 floreret,
450 915 540 968 tamen
561 905 672 966 summis
689 906 813 966 laudibus
827 903 981 964 libertatem
999 907 1152 972 extolleret,
1252 895 1253 908 ³

192 993 313 1066 adeoque
324 1000 418 1065 aperte
434 990 550 1053 (liceret,
568 991 595 1047 in
609 989 714 1048 incerto
729 1007 796 1054 esse,
813 996 905 1046 utrum
920 991 1060 1048 Caesarem
1076 992 1152 1050 nasci

192 1075 277 1149 magis
294 1075 334 1132 rei
349 1073 473 1149 publimo
487 1074 635 1149 profuerit,
652 1091 685 1130 an
701 1091 757 1131 non
772 1073 846 1131 nasci
856 1067 915 1146 ¹⁰⁸),
934 1084 961 1131 et
973 1075 1152 1150 ‘profiteretur

191 1176 220 1218 so
240 1157 347 1223 „omnis
358 1165 496 1233 expertem
507 1174 568 1214 esse
581 1174 671 1220 curae,
689 1175 757 1232 quae
769 1156 912 1215 scribentis
923 1159 1042 1216 animum
1058 1159 1081 1216 si
1096 1175 1151 1216 non

190 1242 299 1302 flectere
315 1258 331 1298 a
346 1257 427 1306 vero,
450 1239 598 1300 sollicitum
618 1249 708 1300 tamen
725 1240 831 1300 efficere
846 1248 974 1316 posset,“
996 1259 1084 1316 neque
1099 1242 1150 1300 sibi

190 1335 237 1384 aut
256 1324 317 1383 aliis
337 1325 478 1384 commoda
500 1333 528 1382 et
548 1325 667 1382 bonores
684 1341 843 1400 comparare
865 1324 1000 1390 studeret,
1017 1342 1048 1382 ea
1062 1324 1151 1400 gloria

189 1418 348 1472 contentus,
365 1425 445 1482 quern
462 1407 676 1480 splendidissima
689 1425 780 1464 rerum
795 1408 974 1466 Romanarum
988 1408 1105 1483 imagine
1124 1410 1151 1466 in

190 1509 272 1568 opere
289 1509 339 1550 suo
354 1507 481 1566 expressa
494 1491 608 1564 adeptus
623 1499 689 1547 erat.
719 1489 815 1565 Inque
831 1491 939 1564 quidem
958 1509 988 1548 re
1004 1492 1151 1567 siquando

189 1576 271 1634 nimia
285 1577 314 1632 ia
328 1575 445 1651 patriam
456 1573 566 1650 pietate,
583 1582 611 1632 ct
625 1573 721 1649 populi
736 1573 848 1632 Romani
859 1575 951 1648 studio
966 1575 1150 1649 antiquitatis·

189 1675 220 1718 ve
241 1677 333 1720 aurore
352 1657 482 1733 abreptus
504 1656 567 1732 plus
588 1657 661 1717 iusto
681 1658 817 1718 Romanos
838 1657 968 1723 laudavit,
989 1675 1086 1734 perum
1100 1659 1148 1717 bo·

189 1751 265 1800 nesta
279 1751 325 1800 aut
340 1741 450 1800 reticuit
466 1749 513 1797 aut
528 1741 680 1800 extenuavit
690 1749 719 1798 et
733 1741 937 1816 interpretando
951 1741 1086 1808 mollivit;
1103 1751 1151 1800 aut

189 1827 211 1881 si
226 1843 386 1900 magnorum
403 1825 523 1883 virorum
539 1825 714 1881 admiratione
730 1825 856 1882 incensus
868 1825 1017 1884 studiosIus
1034 1826 1150 1884 virtutes

188 1925 281 1967 corum
296 1908 409 1972 ornarit,
425 1925 505 1984 quam
519 1925 627 1966 errores
641 1916 668 1965 et
682 1906 746 1966 uria
762 1909 868 1984 aperuit
883 1917 911 1966 et
927 1909 1046 1976 notarim
1063 1918 1109 1968 aut
1125 1913 1148 1969 si

189 1993 280 2050 bostos
295 1991 476 2052 Romanorum
491 1992 576 2066 magis
594 2009 673 2066 quana
688 2009 737 2067 par
752 2001 795 2050 est
808 1991 981 2068 reprehendit
995 2001 1022 2051 et
1034 1993 1149 2055 insecta·

189 2087 241 2140 tur,
257 2075 410 2149 peccavisse
427 2073 534 2148 quidem
550 2075 685 2149 putandus
700 2085 751 2140 est,
767 2076 815 2134 sed
830 2075 868 2134 ite
881 2076 1041 2151 peccavisse,
1055 2085 1086 2134 ut
1100 2077 1149 2136 eli·

187 2175 240 2234 qna
256 2158 361 2216 ratlane
375 2158 463 2232 possit
477 2159 609 2218 excusari.
640 2159 705 2216 llam
726 2160 755 2215 ia
775 2157 818 2216 bis
832 2177 943 2234 quoque
959 2169 1065 2218 veteres
1081 2163 1149 2220 sori·

185 2250 280 2317 ptores
300 2251 345 2299 est
358 2248 475 2304 secutus,
493 2257 544 2300 nec
564 2241 698 2300 Romanos
726 2241 828 2307 solum,
846 2243 893 2300 sed
911 2251 1020 2318 praeter
1039 2251 1147 2303 ceteros

121 2343 124 2349 ·
185 2324 341 2400 Polybium,
361 2342 416 2399 quo
432 2341 511 2384 nemo
534 2325 620 2400 magis
641 2326 823 2386 nummorum
839 2327 1011 2402 prudentiam
1026 2338 1054 2386 et
1068 2329 1148 2386 lorti·

186 2409 305 2468 tudinem
323 2409 499 2483 praedicarit,
524 2425 611 2483 eoque
628 2409 733 2469 facilius
753 2409 833 2468 bidus
856 2410 982 2470 indicium
1004 2411 1145 2486 probabat,

186 2494 260 2566 quod
274 2492 366 2550 nullae
380 2493 438 2550 lere
456 2502 515 2550 erat
529 2492 658 2567 populus,
675 2493 740 2568 quin
757 2493 872 2550 interior
886 2493 1012 2552 Romanis
1031 2506 1103 2554 esset
1118 2506 1146 2554 et

184 2576 285 2634 virtute
306 2586 335 2634 et
354 2577 522 2651 integritate
550 2576 591 2634 Ad
615 2576 672 2635 boc
692 2576 847 2641 accedebat,
872 2578 945 2652 quod
968 2586 1072 2637 veteres
1093 2579 1145 2638 sibi

171 2649 266 2716 *licere
283 2659 415 2734 putebant
428 2660 533 2736 patriae
549 2668 680 2734 quantum
694 2659 752 2718 fieri
769 2669 863 2738 posset
883 2659 1026 2720 consulere
1041 2661 1145 2738 gloriae

184 2756 304 2816 eamque,
325 2743 469 2804 dummodo
490 2759 524 2800 ne
543 2744 703 2802 excederent
718 2744 841 2810 modum,
858 2733 1026 2821 augere¹⁰⁰l
1053 2747 1144 2805 livius

182 2833 319 2883 automno
335 2826 444 2884 nimiam
461 2826 566 2883 laudem
582 2827 708 2886 Romanis
724 2827 853 2886 tribuisse
872 2829 955 2886 videri
973 2839 1065 2903 posset
1085 2832 1144 2906 ipse
1252 2843 1253 2854 ¹

250 3020 308 3087 108)
322 3024 457 3074 Sescenti.
470 3023 497 3081 Q.
512 3023 536 3080 l,
550 3020 593 3081 18,
611 3025 643 3072 cl.
656 3024 710 3076 lllrl
727 3025 821 3076 dissert,
835 3026 915 3076 biuios
928 3027 1021 3088 Augusti
1035 3027 1144 3078 Cameris

182 3089 287 3140 adulator
303 3097 348 3140 etc.
366 3089 494 3142 llelmatad.
512 3087 586 3140 1767.
611 3091 686 3140 Minus
703 3091 773 3142 etlam
791 3091 933 3142 credendum
951 3093 1088 3144 endirinm
1104 3102 1144 3144 sut

180 3155 301 3208 ‘liberium
312 3164 380 3222 atque
391 3159 491 3210 Drusum
503 3156 621 3207 adulatum
633 3170 692 3215 esse,
704 3165 744 3208 aut
755 3158 836 3209 Liviae
848 3159 883 3209 rel
890 3159 1031 3209 Maecenatis
1043 3161 1142 3220 gratiam

180 3224 332 3288 quaesitisse.
345 3240 366 3274 v.
380 3225 477 3276 Lacbm.
491 3225 510 3282 l,
521 3220 568 3280 93:
580 3223 610 3279 Il
622 3222 663 3273 74.

249 3303 308 3384 loe)
326 3307 406 3370 Polyb.
420 3309 476 3364 llll,
490 3306 535 3356 14,
555 3297 607 3382 ἐγώ
625 3299 668 3369 δε,
688 3299 763 3357 διότι
780 3300 833 3374 μὲν
852 3306 899 3360 dea
915 3300 1006 3388 §onds
1025 3302 1145 3362 διδόναι

179 3373 243 3430 erte
262 3365 355 3422 adedo
378 3371 493 3435 πατρίσι
515 3364 582 3431 sctis
605 3387 639 3422 uo
658 3367 801 3451 γραφέας,
817 3365 1032 3454 ouypnorp'ooup'
1050 3364 1088 3427 αν
1106 3371 1141 3428 οὖ

179 3452 241 3520 μην
258 3455 310 3517 τας
333 3454 464 3498 evanesce
491 3437 553 3498 τοις
575 3388 664 3506 euple
651 3432 785 3555 e7rprro'cav
806 3431 966 3507 ἀποφάσεις
988 3443 1140 3496 ποιεισδαι

179 3499 351 3567 capreosam
374 3507 531 3558 brandstdter.
545 3506 561 3557 l.
575 3507 591 3556 l.
604 3521 628 3571 p.
675 3507 801 3564 7;.Pbllol
815 3506 915 3576 lssbdp.
929 3507 988 3562 703.
