<?xml version="1.0" encoding="UTF-8"?>
<!DOCTYPE html PUBLIC "-//W3C//DTD XHTML 1.0 Transitional//EN"
    "http://www.w3.org/TR/xhtml1/DTD/xhtml1-transitional.dtd">
<html xmlns="http://www.w3.org/1999/xhtml" xml:lang="en" lang="en">
 <head>
  <title>
</title>
<meta http-equiv="Content-Type" content="text/html;charset=utf-8" />
  <meta name='ocr-system' content='tesseract 3.04.00' />
  <meta name='ocr-capabilities' content='ocr_page ocr_carea ocr_par ocr_line ocrx_word'/>
</head>
<body>
  <div class='ocr_page' id='page_1' title='image "./aburbeconditali01rossgoog_0493.png"; bbox 0 0 2534 3956; ppageno 0'>
   <div class='ocr_carea' id='block_1_1' title="bbox 268 209 1036 293">
    <p class='ocr_par' dir='ltr' id='par_1_1' title="bbox 268 209 1036 293">
     <span class='ocr_line' id='line_1_1' title="bbox 268 209 1036 293; baseline 0.014 -23"><span class='ocrx_word' id='word_1_1' title='bbox 268 228 363 270; x_wconf 80' lang='lat' dir='ltr'>urens</span> <span class='ocrx_word' id='word_1_2' title='bbox 382 227 424 270; x_wconf 84' lang='lat' dir='ltr'>vr.</span> <span class='ocrx_word' id='word_1_3' title='bbox 454 227 523 272; x_wconf 77' lang='lat' dir='ltr'>cur.</span> <span class='ocrx_word' id='word_1_4' title='bbox 540 221 583 276; x_wconf 79' lang='lat'>39.</span> <span class='ocrx_word' id='word_1_5' title='bbox 601 225 645 274; x_wconf 82' lang='lat'>40.</span> <span class='ocrx_word' id='word_1_6' title='bbox 672 209 711 293; x_wconf 87' lang='lat' dir='ltr'>[a.</span> <span class='ocrx_word' id='word_1_7' title='bbox 731 211 765 274; x_wconf 82' lang='grc' dir='ltr'>Ο.</span> <span class='ocrx_word' id='word_1_8' title='bbox 780 213 842 290; x_wconf 83' lang='grc'><strong>368]</strong></span> <span class='ocrx_word' id='word_1_9' title='bbox 976 218 1036 282; x_wconf 83' lang='grc'>353</span> 
     </span>
    </p>
   </div>
   <div class='ocr_carea' id='block_1_2' title="bbox 79 377 1121 3203">
    <p class='ocr_par' dir='ltr' id='par_1_2' title="bbox 79 377 1121 1378">
     <span class='ocr_line' id='line_1_2' title="bbox 81 377 1072 459; baseline 0 -19"><span class='ocrx_word' id='word_1_10' title='bbox 81 377 219 440; x_wconf 89' lang='lat' dir='ltr'>bunieiae</span> <span class='ocrx_word' id='word_1_11' title='bbox 244 378 406 456; x_wconf 85' lang='lat' dir='ltr'>potestatis.</span> <span class='ocrx_word' id='word_1_12' title='bbox 444 378 540 455; x_wconf 91' lang='lat' dir='ltr'>primo</span> <span class='ocrx_word' id='word_1_13' title='bbox 567 379 781 442; x_wconf 83' lang='lat' dir='ltr'>intercessione</span> <span class='ocrx_word' id='word_1_14' title='bbox 802 379 982 459; x_wconf 81' lang='lat' dir='ltr'>collegarum</span> <span class='ocrx_word' id='word_1_15' title='bbox 1007 382 1072 440; x_wconf 78' lang='lat' dir='ltr'>int</span> 
     </span>
     <span class='ocr_line' id='line_1_3' title="bbox 79 461 1038 542; baseline 0.004 -20"><span class='ocrx_word' id='word_1_16' title='bbox 79 461 164 538; x_wconf 83' lang='lat' dir='ltr'>leges</span> <span class='ocrx_word' id='word_1_17' title='bbox 179 478 247 522; x_wconf 89' lang='lat' dir='ltr'>suas</span> <span class='ocrx_word' id='word_1_18' title='bbox 262 466 425 539; x_wconf 78' lang='lat' dir='ltr'>pugnatum</span> <span class='ocrx_word' id='word_1_19' title='bbox 445 479 524 531; x_wconf 88' lang='lat' dir='ltr'>esse,</span> <span class='ocrx_word' id='word_1_20' title='bbox 549 462 656 524; x_wconf 88' lang='lat' dir='ltr'>deinde</span> <span class='ocrx_word' id='word_1_21' title='bbox 676 462 861 542; x_wconf 77' lang='lat' dir='ltr'>ablegatione</span> <span class='ocrx_word' id='word_1_22' title='bbox 879 465 1038 526; x_wconf 81' lang='lat' dir='ltr'>triventutis</span> 
     </span>
     <span class='ocr_line' id='line_1_4' title="bbox 80 543 1039 623; baseline 0 -17"><span class='ocrx_word' id='word_1_23' title='bbox 80 545 117 606; x_wconf 92' lang='lat' dir='ltr'>ad</span> <span class='ocrx_word' id='word_1_24' title='bbox 138 543 319 606; x_wconf 76' lang='lat' dir='ltr'><strong>Veliternum</strong></span> <span class='ocrx_word' id='word_1_25' title='bbox 337 543 466 613; x_wconf 87' lang='lat' dir='ltr'>bellurn,</span> <span class='ocrx_word' id='word_1_26' title='bbox 494 553 644 623; x_wconf 88' lang='lat' dir='ltr'>postremo</span> <span class='ocrx_word' id='word_1_27' title='bbox 666 547 852 614; x_wconf 85' lang='lat' dir='ltr'>dictatorium</span> <span class='ocrx_word' id='word_1_28' title='bbox 875 547 987 608; x_wconf 86' lang='lat' dir='ltr'>iubnen</span> <span class='ocrx_word' id='word_1_29' title='bbox 1007 549 1039 606; x_wconf 91' lang='lat' dir='ltr'>in</span> 
     </span>
     <span class='ocr_line' id='line_1_5' title="bbox 80 627 1074 707; baseline -0.003 -17"><span class='ocrx_word' id='word_1_30' title='bbox 80 648 112 690; x_wconf 92' lang='lat' dir='ltr'>se</span> <span class='ocrx_word' id='word_1_31' title='bbox 129 631 313 689; x_wconf 87' lang='lat' dir='ltr'>intentatum.</span> <span class='ocrx_word' id='word_1_32' title='bbox 346 629 405 687; x_wconf 88' lang='lat' dir='ltr'>iam</span> <span class='ocrx_word' id='word_1_33' title='bbox 424 644 480 688; x_wconf 88' lang='lat' dir='ltr'>nee</span> <span class='ocrx_word' id='word_1_34' title='bbox 496 627 624 707; x_wconf 80' lang='lat' dir='ltr'>eodegas</span> <span class='ocrx_word' id='word_1_35' title='bbox 639 647 695 691; x_wconf 91' lang='lat' dir='ltr'>nee</span> <span class='ocrx_word' id='word_1_36' title='bbox 711 629 823 692; x_wconf 89' lang='lat' dir='ltr'>beilum</span> <span class='ocrx_word' id='word_1_37' title='bbox 846 648 901 692; x_wconf 89' lang='lat' dir='ltr'>nee</span> <span class='ocrx_word' id='word_1_38' title='bbox 916 631 1039 692; x_wconf 66' lang='lat' dir='ltr'>diente-</span> <span class='ocrx_word' id='word_1_39' title='bbox 1058 635 1074 687; x_wconf 83' lang='lat'><strong>8</strong></span> 
     </span>
     <span class='ocr_line' id='line_1_6' title="bbox 80 710 1039 792; baseline 0 -18"><span class='ocrx_word' id='word_1_40' title='bbox 80 731 146 774; x_wconf 89' lang='lat' dir='ltr'>rem</span> <span class='ocrx_word' id='word_1_41' title='bbox 168 710 299 782; x_wconf 89' lang='lat' dir='ltr'>obstare,</span> <span class='ocrx_word' id='word_1_42' title='bbox 321 712 430 790; x_wconf 84' lang='lat' dir='ltr'>quippe</span> <span class='ocrx_word' id='word_1_43' title='bbox 444 713 494 789; x_wconf 84' lang='lat' dir='ltr'>qui</span> <span class='ocrx_word' id='word_1_44' title='bbox 509 714 596 774; x_wconf 90' lang='lat' dir='ltr'>etiam</span> <span class='ocrx_word' id='word_1_45' title='bbox 611 731 699 774; x_wconf 91' lang='lat' dir='ltr'>omen</span> <span class='ocrx_word' id='word_1_46' title='bbox 712 712 830 792; x_wconf 90' lang='lat' dir='ltr'>plebeio</span> <span class='ocrx_word' id='word_1_47' title='bbox 846 713 959 776; x_wconf 82' lang='lat' dir='ltr'>consuli</span> <span class='ocrx_word' id='word_1_48' title='bbox 978 731 1039 776; x_wconf 90' lang='lat' dir='ltr'>ma·</span> 
     </span>
     <span class='ocr_line' id='line_1_7' title="bbox 81 794 1039 877; baseline 0.002 -22"><span class='ocrx_word' id='word_1_49' title='bbox 81 797 174 874; x_wconf 78' lang='lat' dir='ltr'>gistro</span> <span class='ocrx_word' id='word_1_50' title='bbox 193 795 330 874; x_wconf 85' lang='lat' dir='ltr'>equitum</span> <span class='ocrx_word' id='word_1_51' title='bbox 346 813 382 856; x_wconf 84' lang='lat' dir='ltr'>ex</span> <span class='ocrx_word' id='word_1_52' title='bbox 404 794 491 873; x_wconf 84' lang='lat' dir='ltr'>plebe</span> <span class='ocrx_word' id='word_1_53' title='bbox 513 795 637 858; x_wconf 83' lang='lat' dir='ltr'>dicendo</span> <span class='ocrx_word' id='word_1_54' title='bbox 658 797 780 859; x_wconf 85' lang='lat' dir='ltr'><strong>dederit.</strong></span> <span class='ocrx_word' id='word_1_55' title='bbox 813 816 845 860; x_wconf 92' lang='lat' dir='ltr'>se</span> <span class='ocrx_word' id='word_1_56' title='bbox 867 799 961 877; x_wconf 80' lang='lat' dir='ltr'><strong>ipsam</strong></span> <span class='ocrx_word' id='word_1_57' title='bbox 976 797 1039 876; x_wconf 89' lang='lat' dir='ltr'>ple·</span> 
     </span>
     <span class='ocr_line' id='line_1_8' title="bbox 79 879 1075 949; baseline 0.002 -9"><span class='ocrx_word' id='word_1_58' title='bbox 79 880 150 940; x_wconf 89' lang='lat' dir='ltr'>bem</span> <span class='ocrx_word' id='word_1_59' title='bbox 164 886 193 940; x_wconf 92' lang='lat' dir='ltr'>et</span> <span class='ocrx_word' id='word_1_60' title='bbox 208 879 363 940; x_wconf 82' lang='lat' dir='ltr'>commoda</span> <span class='ocrx_word' id='word_1_61' title='bbox 381 879 493 938; x_wconf 85' lang='lat' dir='ltr'>morari</span> <span class='ocrx_word' id='word_1_62' title='bbox 513 897 580 949; x_wconf 89' lang='lat' dir='ltr'>sua;</span> <span class='ocrx_word' id='word_1_63' title='bbox 603 879 728 942; x_wconf 80' lang='lat' dir='ltr'>liberam</span> <span class='ocrx_word' id='word_1_64' title='bbox 745 881 852 944; x_wconf 89' lang='lat' dir='ltr'>urbem</span> <span class='ocrx_word' id='word_1_65' title='bbox 866 898 901 942; x_wconf 89' lang='lat' dir='ltr'>ac</span> <span class='ocrx_word' id='word_1_66' title='bbox 912 881 1040 941; x_wconf 85' lang='lat' dir='ltr'>ioruma</span> <span class='ocrx_word' id='word_1_67' title='bbox 1058 889 1075 942; x_wconf 80' lang='grc'>9</span> 
     </span>
     <span class='ocr_line' id='line_1_9' title="bbox 81 958 1041 1044; baseline 0.002 -21"><span class='ocrx_word' id='word_1_68' title='bbox 81 961 297 1032; x_wconf 84' lang='lat' dir='ltr'>oreditoribus,</span> <span class='ocrx_word' id='word_1_69' title='bbox 321 958 543 1041; x_wconf 75' lang='lat' dir='ltr'>liberos&#39;agroe</span> <span class='ocrx_word' id='word_1_70' title='bbox 560 961 596 1024; x_wconf 85' lang='lat' dir='ltr'>ab</span> <span class='ocrx_word' id='word_1_71' title='bbox 613 965 729 1026; x_wconf 78' lang='lat' dir='ltr'>iniusbs</span> <span class='ocrx_word' id='word_1_72' title='bbox 745 963 968 1044; x_wconf 81' lang='lat' dir='ltr'>possessoribus</span> <span class='ocrx_word' id='word_1_73' title='bbox 991 983 1041 1026; x_wconf 83' lang='lat' dir='ltr'>ex-</span> 
     </span>
     <span class='ocr_line' id='line_1_10' title="bbox 81 1043 1092 1126; baseline 0.003 -20"><span class='ocrx_word' id='word_1_74' title='bbox 81 1044 203 1124; x_wconf 90' lang='lat' dir='ltr'>templo,</span> <span class='ocrx_word' id='word_1_75' title='bbox 211 1047 236 1107; x_wconf 90' lang='lat' dir='ltr'>si</span> <span class='ocrx_word' id='word_1_76' title='bbox 245 1044 324 1116; x_wconf 88' lang='lat' dir='ltr'>velit,</span> <span class='ocrx_word' id='word_1_77' title='bbox 336 1043 448 1107; x_wconf 86' lang='lat' dir='ltr'>habere</span> <span class='ocrx_word' id='word_1_78' title='bbox 459 1063 555 1124; x_wconf 90' lang='lat' dir='ltr'>posse.</span> <span class='ocrx_word' id='word_1_79' title='bbox 576 1064 652 1125; x_wconf 89' lang='lat' dir='ltr'>quae</span> <span class='ocrx_word' id='word_1_80' title='bbox 662 1066 786 1111; x_wconf 87' lang='lat' dir='ltr'>munera</span> <span class='ocrx_word' id='word_1_81' title='bbox 794 1049 911 1126; x_wconf 89' lang='lat' dir='ltr'>quando</span> <span class='ocrx_word' id='word_1_82' title='bbox 923 1048 1042 1109; x_wconf 89' lang='lat' dir='ltr'>tandem</span> <span class='ocrx_word' id='word_1_83' title='bbox 1062 1059 1092 1110; x_wconf 89' lang='lat'>10</span> 
     </span>
     <span class='ocr_line' id='line_1_11' title="bbox 80 1130 1040 1210; baseline -0.001 -18"><span class='ocrx_word' id='word_1_84' title='bbox 80 1131 152 1193; x_wconf 90' lang='lat' dir='ltr'>satis</span> <span class='ocrx_word' id='word_1_85' title='bbox 178 1137 261 1207; x_wconf 80' lang='lat' dir='ltr'>grato</span> <span class='ocrx_word' id='word_1_86' title='bbox 279 1131 377 1190; x_wconf 89' lang='lat' dir='ltr'>animo</span> <span class='ocrx_word' id='word_1_87' title='bbox 399 1130 618 1200; x_wconf 79' lang='lat' dir='ltr'>aestimaturos,</span> <span class='ocrx_word' id='word_1_88' title='bbox 647 1133 673 1193; x_wconf 88' lang='lat' dir='ltr'>si</span> <span class='ocrx_word' id='word_1_89' title='bbox 694 1134 774 1194; x_wconf 89' lang='lat' dir='ltr'>inter</span> <span class='ocrx_word' id='word_1_90' title='bbox 796 1130 983 1210; x_wconf 83' lang='lat' dir='ltr'>accipiendas</span> <span class='ocrx_word' id='word_1_91' title='bbox 1004 1131 1040 1192; x_wconf 91' lang='lat' dir='ltr'>de</span> 
     </span>
     <span class='ocr_line' id='line_1_12' title="bbox 80 1213 1121 1293; baseline -0.002 -17"><span class='ocrx_word' id='word_1_92' title='bbox 80 1216 143 1276; x_wconf 89' lang='lat' dir='ltr'>suis</span> <span class='ocrx_word' id='word_1_93' title='bbox 165 1213 327 1274; x_wconf 80' lang='lat' dir='ltr'>courmodis</span> <span class='ocrx_word' id='word_1_94' title='bbox 349 1215 520 1291; x_wconf 78' lang='lat' dir='ltr'>rogationes</span> <span class='ocrx_word' id='word_1_95' title='bbox 537 1232 621 1293; x_wconf 90' lang='lat' dir='ltr'>spem</span> <span class='ocrx_word' id='word_1_96' title='bbox 637 1215 760 1276; x_wconf 88' lang='lat' dir='ltr'>honoris</span> <span class='ocrx_word' id='word_1_97' title='bbox 776 1214 920 1276; x_wconf 87' lang='lat' dir='ltr'>latoribus</span> <span class='ocrx_word' id='word_1_98' title='bbox 940 1231 1042 1276; x_wconf 87' lang='lat' dir='ltr'>earum</span> <span class='ocrx_word' id='word_1_99' title='bbox 1120 1245 1121 1250; x_wconf 18' lang='grc' dir='ltr'><strong>κ</strong></span> 
     </span>
     <span class='ocr_line' id='line_1_13' title="bbox 80 1296 1040 1378; baseline 0 -20"><span class='ocrx_word' id='word_1_100' title='bbox 80 1298 232 1360; x_wconf 83' lang='lat' dir='ltr'>insidenti</span> <span class='ocrx_word' id='word_1_101' title='bbox 252 1313 314 1357; x_wconf 89' lang='lat' dir='ltr'>non</span> <span class='ocrx_word' id='word_1_102' title='bbox 329 1315 394 1358; x_wconf 88' lang='lat' dir='ltr'>esse</span> <span class='ocrx_word' id='word_1_103' title='bbox 408 1297 570 1359; x_wconf 73' lang='lat' dir='ltr'>modestiae</span> <span class='ocrx_word' id='word_1_104' title='bbox 585 1298 688 1378; x_wconf 93' lang='lat' dir='ltr'>populi</span> <span class='ocrx_word' id='word_1_105' title='bbox 698 1299 824 1360; x_wconf 84' lang='lat' dir='ltr'>Romani</span> <span class='ocrx_word' id='word_1_106' title='bbox 838 1298 868 1359; x_wconf 92' lang='lat' dir='ltr'>id</span> <span class='ocrx_word' id='word_1_107' title='bbox 880 1296 1040 1376; x_wconf 89' lang='lat' dir='ltr'>postulare,</span> 
     </span>
    </p>

    <p class='ocr_par' dir='ltr' id='par_1_3' title="bbox 82 1378 1095 2293">
     <span class='ocr_line' id='line_1_14' title="bbox 82 1378 1042 1460; baseline -0.001 -18"><span class='ocrx_word' id='word_1_108' title='bbox 82 1389 114 1442; x_wconf 90' lang='lat' dir='ltr'>ut</span> <span class='ocrx_word' id='word_1_109' title='bbox 131 1382 196 1460; x_wconf 90' lang='lat' dir='ltr'>ipse</span> <span class='ocrx_word' id='word_1_110' title='bbox 218 1381 322 1442; x_wconf 82' lang='lat' dir='ltr'>fenore</span> <span class='ocrx_word' id='word_1_111' title='bbox 344 1378 456 1442; x_wconf 83' lang='lat' dir='ltr'>levetur</span> <span class='ocrx_word' id='word_1_112' title='bbox 480 1388 510 1443; x_wconf 89' lang='lat' dir='ltr'>et</span> <span class='ocrx_word' id='word_1_113' title='bbox 531 1382 563 1441; x_wconf 92' lang='lat' dir='ltr'>iu</span> <span class='ocrx_word' id='word_1_114' title='bbox 583 1399 687 1460; x_wconf 88' lang='lat' dir='ltr'>agrum</span> <span class='ocrx_word' id='word_1_115' title='bbox 707 1382 814 1444; x_wconf 89' lang='lat' dir='ltr'>iniuria</span> <span class='ocrx_word' id='word_1_116' title='bbox 838 1399 1007 1460; x_wconf 89' lang='lat' dir='ltr'>possessum</span> <span class='ocrx_word' id='word_1_117' title='bbox 1025 1399 1042 1441; x_wconf 91' lang='lat' dir='ltr'>a</span> 
     </span>
     <span class='ocr_line' id='line_1_15' title="bbox 83 1463 1042 1544; baseline 0.001 -19"><span class='ocrx_word' id='word_1_118' title='bbox 83 1463 254 1544; x_wconf 85' lang='lat' dir='ltr'>potentibus</span> <span class='ocrx_word' id='word_1_119' title='bbox 271 1463 445 1534; x_wconf 82' lang='lat' dir='ltr'>inducatur,</span> <span class='ocrx_word' id='word_1_120' title='bbox 470 1480 526 1542; x_wconf 90' lang='lat' dir='ltr'>per</span> <span class='ocrx_word' id='word_1_121' title='bbox 541 1481 615 1542; x_wconf 89' lang='lat' dir='ltr'>quos</span> <span class='ocrx_word' id='word_1_122' title='bbox 632 1485 666 1528; x_wconf 88' lang='lat' dir='ltr'>ea</span> <span class='ocrx_word' id='word_1_123' title='bbox 681 1472 858 1528; x_wconf 88' lang='lat' dir='ltr'>eonseoutus</span> <span class='ocrx_word' id='word_1_124' title='bbox 882 1466 934 1536; x_wconf 92' lang='lat' dir='ltr'>sit,</span> <span class='ocrx_word' id='word_1_125' title='bbox 956 1481 1042 1526; x_wconf 89' lang='lat' dir='ltr'>senes</span> 
     </span>
     <span class='ocr_line' id='line_1_16' title="bbox 83 1547 1043 1627; baseline 0 -19"><span class='ocrx_word' id='word_1_126' title='bbox 83 1548 260 1610; x_wconf 83' lang='lat' dir='ltr'>tribunicios</span> <span class='ocrx_word' id='word_1_127' title='bbox 284 1564 345 1608; x_wconf 89' lang='lat' dir='ltr'>non</span> <span class='ocrx_word' id='word_1_128' title='bbox 368 1549 432 1610; x_wconf 88' lang='lat' dir='ltr'>sine</span> <span class='ocrx_word' id='word_1_129' title='bbox 454 1547 569 1610; x_wconf 89' lang='lat' dir='ltr'>honore</span> <span class='ocrx_word' id='word_1_130' title='bbox 588 1556 701 1610; x_wconf 89' lang='lat' dir='ltr'>tanturn</span> <span class='ocrx_word' id='word_1_131' title='bbox 724 1549 776 1612; x_wconf 89' lang='lat' dir='ltr'>sed</span> <span class='ocrx_word' id='word_1_132' title='bbox 800 1550 887 1611; x_wconf 88' lang='lat' dir='ltr'>etiam</span> <span class='ocrx_word' id='word_1_133' title='bbox 906 1550 970 1610; x_wconf 90' lang='lat' dir='ltr'>sine</span> <span class='ocrx_word' id='word_1_134' title='bbox 990 1565 1043 1627; x_wconf 91' lang='lat' dir='ltr'>spe</span> 
     </span>
     <span class='ocr_line' id='line_1_17' title="bbox 83 1630 1092 1712; baseline -0.008 -18"><span class='ocrx_word' id='word_1_135' title='bbox 83 1633 206 1695; x_wconf 87' lang='lat' dir='ltr'>honoris</span> <span class='ocrx_word' id='word_1_136' title='bbox 228 1630 385 1708; x_wconf 86' lang='lat' dir='ltr'>relinquat</span> <span class='ocrx_word' id='word_1_137' title='bbox 421 1633 547 1710; x_wconf 86' lang='lat' dir='ltr'>proinde</span> <span class='ocrx_word' id='word_1_138' title='bbox 568 1634 626 1711; x_wconf 88' lang='lat' dir='ltr'>ipsi</span> <span class='ocrx_word' id='word_1_139' title='bbox 637 1635 766 1712; x_wconf 88' lang='lat' dir='ltr'>primmn</span> <span class='ocrx_word' id='word_1_140' title='bbox 782 1638 945 1694; x_wconf 79' lang='lat' dir='ltr'>statuerent</span> <span class='ocrx_word' id='word_1_141' title='bbox 966 1631 1043 1710; x_wconf 87' lang='lat' dir='ltr'>apud</span> <span class='ocrx_word' id='word_1_142' title='bbox 1064 1639 1092 1688; x_wconf 79' lang='grc' dir='ltr'>ιι</span> 
     </span>
     <span class='ocr_line' id='line_1_18' title="bbox 84 1713 1043 1792; baseline -0.002 -16"><span class='ocrx_word' id='word_1_143' title='bbox 84 1718 210 1785; x_wconf 85' lang='lat' dir='ltr'>animos,</span> <span class='ocrx_word' id='word_1_144' title='bbox 236 1715 307 1792; x_wconf 80' lang='lat' dir='ltr'>qrrid</span> <span class='ocrx_word' id='word_1_145' title='bbox 322 1713 444 1785; x_wconf 78' lang='lat' dir='ltr'>velient,</span> <span class='ocrx_word' id='word_1_146' title='bbox 467 1715 574 1777; x_wconf 90' lang='lat' dir='ltr'>deinde</span> <span class='ocrx_word' id='word_1_147' title='bbox 590 1717 716 1778; x_wconf 84' lang='lat' dir='ltr'>comitiis</span> <span class='ocrx_word' id='word_1_148' title='bbox 729 1714 896 1776; x_wconf 83' lang='lat' dir='ltr'>tribuniciis</span> <span class='ocrx_word' id='word_1_149' title='bbox 911 1713 1043 1776; x_wconf 84' lang='lat' dir='ltr'>deciara-</span> 
     </span>
     <span class='ocr_line' id='line_1_19' title="bbox 83 1797 1042 1878; baseline -0.003 -18"><span class='ocrx_word' id='word_1_150' title='bbox 83 1807 151 1860; x_wconf 89' lang='lat' dir='ltr'>rent</span> <span class='ocrx_word' id='word_1_151' title='bbox 164 1798 352 1860; x_wconf 85' lang='lat' dir='ltr'>voluntatem.</span> <span class='ocrx_word' id='word_1_152' title='bbox 385 1799 411 1860; x_wconf 91' lang='lat' dir='ltr'>si</span> <span class='ocrx_word' id='word_1_153' title='bbox 425 1800 582 1860; x_wconf 80' lang='lat' dir='ltr'>coniuncte</span> <span class='ocrx_word' id='word_1_154' title='bbox 593 1800 667 1861; x_wconf 82' lang='lat' dir='ltr'>ferri</span> <span class='ocrx_word' id='word_1_155' title='bbox 682 1799 719 1860; x_wconf 90' lang='lat' dir='ltr'>ab</span> <span class='ocrx_word' id='word_1_156' title='bbox 733 1818 765 1861; x_wconf 89' lang='lat' dir='ltr'>se</span> <span class='ocrx_word' id='word_1_157' title='bbox 779 1797 979 1878; x_wconf 81' lang='lat' dir='ltr'>promulgatas</span> <span class='ocrx_word' id='word_1_158' title='bbox 994 1815 1042 1857; x_wconf 91' lang='lat' dir='ltr'>ro·</span> 
     </span>
     <span class='ocr_line' id='line_1_20' title="bbox 83 1879 1044 1962; baseline -0.002 -19"><span class='ocrx_word' id='word_1_159' title='bbox 83 1885 216 1961; x_wconf 81' lang='lat' dir='ltr'>gationes</span> <span class='ocrx_word' id='word_1_160' title='bbox 241 1879 364 1952; x_wconf 88' lang='lat' dir='ltr'>vellent,</span> <span class='ocrx_word' id='word_1_161' title='bbox 393 1899 458 1943; x_wconf 85' lang='lat' dir='ltr'>esse</span> <span class='ocrx_word' id='word_1_162' title='bbox 485 1883 563 1962; x_wconf 89' lang='lat' dir='ltr'>quod</span> <span class='ocrx_word' id='word_1_163' title='bbox 588 1883 708 1946; x_wconf 85' lang='lat' dir='ltr'>eosdem</span> <span class='ocrx_word' id='word_1_164' title='bbox 729 1883 888 1944; x_wconf 81' lang='lat' dir='ltr'>reticerent</span> <span class='ocrx_word' id='word_1_165' title='bbox 908 1879 1044 1942; x_wconf 91' lang='lat' dir='ltr'>tribunos</span> 
     </span>
     <span class='ocr_line' id='line_1_21' title="bbox 83 1963 1095 2045; baseline 0 -21"><span class='ocrx_word' id='word_1_166' title='bbox 83 1965 194 2045; x_wconf 87' lang='lat' dir='ltr'>plebis,</span> <span class='ocrx_word' id='word_1_167' title='bbox 217 1963 385 2045; x_wconf 87' lang='lat' dir='ltr'>periaturos</span> <span class='ocrx_word' id='word_1_168' title='bbox 401 1967 481 2027; x_wconf 87' lang='lat' dir='ltr'>enirn</span> <span class='ocrx_word' id='word_1_169' title='bbox 501 1982 577 2043; x_wconf 86' lang='lat' dir='ltr'>quae</span> <span class='ocrx_word' id='word_1_170' title='bbox 592 1966 859 2044; x_wconf 63' lang='lat' dir='ltr'>promulgaverim</span> <span class='ocrx_word' id='word_1_171' title='bbox 880 1965 941 2034; x_wconf 85' lang='lat' dir='ltr'>sin,</span> <span class='ocrx_word' id='word_1_172' title='bbox 964 1964 1042 2040; x_wconf 89' lang='lat' dir='ltr'>quod</span> <span class='ocrx_word' id='word_1_173' title='bbox 1065 1965 1095 2016; x_wconf 77' lang='lat'>1²</span> 
     </span>
     <span class='ocr_line' id='line_1_22' title="bbox 84 2047 1043 2129; baseline -0.001 -19"><span class='ocrx_word' id='word_1_174' title='bbox 84 2051 191 2126; x_wconf 87' lang='lat' dir='ltr'>cuique</span> <span class='ocrx_word' id='word_1_175' title='bbox 205 2049 342 2128; x_wconf 80' lang='lat' dir='ltr'>privatim</span> <span class='ocrx_word' id='word_1_176' title='bbox 357 2065 432 2128; x_wconf 90' lang='lat' dir='ltr'>opus</span> <span class='ocrx_word' id='word_1_177' title='bbox 450 2049 502 2120; x_wconf 91' lang='lat' dir='ltr'>sit,</span> <span class='ocrx_word' id='word_1_178' title='bbox 513 2049 545 2111; x_wconf 93' lang='lat' dir='ltr'>id</span> <span class='ocrx_word' id='word_1_179' title='bbox 556 2050 644 2111; x_wconf 89' lang='lat' dir='ltr'>modo</span> <span class='ocrx_word' id='word_1_180' title='bbox 656 2050 752 2129; x_wconf 86' lang='lat' dir='ltr'>aeeipi</span> <span class='ocrx_word' id='word_1_181' title='bbox 767 2047 872 2118; x_wconf 82' lang='lat' dir='ltr'>velint,</span> <span class='ocrx_word' id='word_1_182' title='bbox 889 2065 964 2126; x_wconf 91' lang='lat' dir='ltr'>opus</span> <span class='ocrx_word' id='word_1_183' title='bbox 979 2066 1043 2109; x_wconf 88' lang='lat' dir='ltr'>esse</span> 
     </span>
     <span class='ocr_line' id='line_1_23' title="bbox 83 2130 1044 2194; baseline 0 -1"><span class='ocrx_word' id='word_1_184' title='bbox 83 2131 158 2193; x_wconf 90' lang='lat' dir='ltr'>nihil</span> <span class='ocrx_word' id='word_1_185' title='bbox 175 2131 319 2194; x_wconf 82' lang='lat' dir='ltr'>invidiosa</span> <span class='ocrx_word' id='word_1_186' title='bbox 337 2132 559 2194; x_wconf 82' lang='lat' dir='ltr'>continuatione</span> <span class='ocrx_word' id='word_1_187' title='bbox 572 2131 710 2194; x_wconf 86' lang='lat' dir='ltr'>honoris:</span> <span class='ocrx_word' id='word_1_188' title='bbox 736 2150 791 2194; x_wconf 89' lang='lat' dir='ltr'>nee</span> <span class='ocrx_word' id='word_1_189' title='bbox 812 2151 843 2194; x_wconf 92' lang='lat' dir='ltr'>se</span> <span class='ocrx_word' id='word_1_190' title='bbox 861 2130 1044 2193; x_wconf 88' lang='lat' dir='ltr'>tribunatum</span> 
     </span>
     <span class='ocr_line' id='line_1_24' title="bbox 84 2212 848 2293; baseline -0.01 -17"><span class='ocrx_word' id='word_1_191' title='bbox 84 2233 142 2276; x_wconf 88' lang='lat' dir='ltr'>neo</span> <span class='ocrx_word' id='word_1_192' title='bbox 154 2215 221 2276; x_wconf 87' lang='lat' dir='ltr'>iilos</span> <span class='ocrx_word' id='word_1_193' title='bbox 236 2233 286 2286; x_wconf 89' lang='lat' dir='ltr'>ea,</span> <span class='ocrx_word' id='word_1_194' title='bbox 299 2232 375 2292; x_wconf 89' lang='lat' dir='ltr'>quae</span> <span class='ocrx_word' id='word_1_195' title='bbox 388 2214 574 2293; x_wconf 80' lang='lat' dir='ltr'>promulgata</span> <span class='ocrx_word' id='word_1_196' title='bbox 589 2218 664 2282; x_wconf 82' lang='lat' dir='ltr'>sint,</span> <span class='ocrx_word' id='word_1_197' title='bbox 678 2212 848 2273; x_wconf 69' lang='lat' dir='ltr'>babituros.</span> 
     </span>
    </p>

    <p class='ocr_par' dir='ltr' id='par_1_4' title="bbox 83 2295 1080 3203">
     <span class='ocr_line' id='line_1_25' title="bbox 145 2295 1077 2360; baseline -0.002 -2"><span class='ocrx_word' id='word_1_198' title='bbox 145 2298 203 2358; x_wconf 86' lang='lat' dir='ltr'>XL.</span> <span class='ocrx_word' id='word_1_199' title='bbox 234 2298 382 2359; x_wconf 77' lang='lat' dir='ltr'>Adversus</span> <span class='ocrx_word' id='word_1_200' title='bbox 402 2304 463 2358; x_wconf 88' lang='lat' dir='ltr'>tam</span> <span class='ocrx_word' id='word_1_201' title='bbox 477 2295 655 2358; x_wconf 87' lang='lat' dir='ltr'>obstinatam</span> <span class='ocrx_word' id='word_1_202' title='bbox 669 2295 836 2356; x_wconf 88' lang='lat' dir='ltr'>orationem</span> <span class='ocrx_word' id='word_1_203' title='bbox 858 2297 1046 2360; x_wconf 85' lang='lat' dir='ltr'>tribunorum</span> <span class='ocrx_word' id='word_1_204' title='bbox 1066 2307 1077 2356; x_wconf 88' lang='lat'>1</span> 
     </span>
     <span class='ocr_line' id='line_1_26' title="bbox 84 2376 1045 2458; baseline 0 -17"><span class='ocrx_word' id='word_1_205' title='bbox 84 2399 153 2441; x_wconf 88' lang='lat' dir='ltr'>eum</span> <span class='ocrx_word' id='word_1_206' title='bbox 168 2398 241 2458; x_wconf 88' lang='lat' dir='ltr'>prae</span> <span class='ocrx_word' id='word_1_207' title='bbox 253 2380 427 2458; x_wconf 82' lang='lat' dir='ltr'>indignitate</span> <span class='ocrx_word' id='word_1_208' title='bbox 442 2397 545 2442; x_wconf 90' lang='lat' dir='ltr'>rerum</span> <span class='ocrx_word' id='word_1_209' title='bbox 562 2385 668 2454; x_wconf 87' lang='lat' dir='ltr'>stupor</span> <span class='ocrx_word' id='word_1_210' title='bbox 685 2376 894 2454; x_wconf 78' lang='lat' dir='ltr'>manuumque</span> <span class='ocrx_word' id='word_1_211' title='bbox 913 2381 982 2438; x_wconf 86' lang='lat' dir='ltr'>inde</span> <span class='ocrx_word' id='word_1_212' title='bbox 998 2399 1045 2441; x_wconf 89' lang='lat' dir='ltr'>ee·</span> 
     </span>
     <span class='ocr_line' id='line_1_27' title="bbox 83 2457 1079 2539; baseline -0.006 -15"><span class='ocrx_word' id='word_1_213' title='bbox 83 2471 166 2524; x_wconf 84' lang='lat' dir='ltr'>teres</span> <span class='ocrx_word' id='word_1_214' title='bbox 180 2472 298 2538; x_wconf 87' lang='lat' dir='ltr'>patrum</span> <span class='ocrx_word' id='word_1_215' title='bbox 320 2463 481 2528; x_wconf 85' lang='lat' dir='ltr'>defixisset,</span> <span class='ocrx_word' id='word_1_216' title='bbox 503 2462 557 2536; x_wconf 81' lang='lat' dir='ltr'>Ap.</span> <span class='ocrx_word' id='word_1_217' title='bbox 577 2457 714 2521; x_wconf 72' lang='lat' dir='ltr'>Claudius</span> <span class='ocrx_word' id='word_1_218' title='bbox 729 2459 866 2530; x_wconf 77' lang='lat' dir='ltr'>Crassm,</span> <span class='ocrx_word' id='word_1_219' title='bbox 885 2477 980 2539; x_wconf 89' lang='lat' dir='ltr'>nepos</span> <span class='ocrx_word' id='word_1_220' title='bbox 994 2463 1044 2522; x_wconf 88' lang='lat' dir='ltr'>de·</span> <span class='ocrx_word' id='word_1_221' title='bbox 1064 2471 1079 2518; x_wconf 79' lang='lat' dir='ltr'>a</span> 
     </span>
     <span class='ocr_line' id='line_1_28' title="bbox 85 2541 1045 2620; baseline -0.001 -15"><span class='ocrx_word' id='word_1_222' title='bbox 85 2543 222 2612; x_wconf 83' lang='lat' dir='ltr'>eemriri,</span> <span class='ocrx_word' id='word_1_223' title='bbox 245 2545 355 2601; x_wconf 78' lang='lat' dir='ltr'>dieitur</span> <span class='ocrx_word' id='word_1_224' title='bbox 377 2541 446 2603; x_wconf 91' lang='lat' dir='ltr'>odio</span> <span class='ocrx_word' id='word_1_225' title='bbox 463 2543 558 2620; x_wconf 74' lang='lat' dir='ltr'>magis</span> <span class='ocrx_word' id='word_1_226' title='bbox 579 2543 683 2618; x_wconf 88' lang='lat' dir='ltr'>iraque</span> <span class='ocrx_word' id='word_1_227' title='bbox 698 2559 787 2620; x_wconf 67' lang='lat' dir='ltr'>mam</span> <span class='ocrx_word' id='word_1_228' title='bbox 803 2560 856 2620; x_wconf 90' lang='lat' dir='ltr'>spe</span> <span class='ocrx_word' id='word_1_229' title='bbox 877 2542 913 2604; x_wconf 90' lang='lat' dir='ltr'>ad</span> <span class='ocrx_word' id='word_1_230' title='bbox 933 2543 1045 2606; x_wconf 77' lang='lat' dir='ltr'>desua·</span> 
     </span>
     <span class='ocr_line' id='line_1_29' title="bbox 84 2623 1046 2702; baseline 0 -14"><span class='ocrx_word' id='word_1_231' title='bbox 84 2623 217 2688; x_wconf 83' lang='lat' dir='ltr'>dentium</span> <span class='ocrx_word' id='word_1_232' title='bbox 234 2625 416 2702; x_wconf 82' lang='lat' dir='ltr'>processisse</span> <span class='ocrx_word' id='word_1_233' title='bbox 437 2632 467 2687; x_wconf 88' lang='lat' dir='ltr'>et</span> <span class='ocrx_word' id='word_1_234' title='bbox 486 2624 603 2686; x_wconf 90' lang='lat' dir='ltr'>loeutus</span> <span class='ocrx_word' id='word_1_235' title='bbox 630 2628 662 2685; x_wconf 92' lang='lat' dir='ltr'>in</span> <span class='ocrx_word' id='word_1_236' title='bbox 682 2625 759 2686; x_wconf 90' lang='lat' dir='ltr'>hane</span> <span class='ocrx_word' id='word_1_237' title='bbox 785 2625 849 2687; x_wconf 89' lang='lat' dir='ltr'>iere</span> <span class='ocrx_word' id='word_1_238' title='bbox 870 2628 1046 2688; x_wconf 88' lang='lat' dir='ltr'>sententiam</span> 
     </span>
     <span class='ocr_line' id='line_1_30' title="bbox 85 2707 1080 2788; baseline -0.004 -16"><span class='ocrx_word' id='word_1_239' title='bbox 85 2726 167 2772; x_wconf 87' lang='lat' dir='ltr'>esse:</span> <span class='ocrx_word' id='word_1_240' title='bbox 186 2707 309 2785; x_wconf 87' lang='lat' dir='ltr'>„Neque</span> <span class='ocrx_word' id='word_1_241' title='bbox 324 2724 433 2768; x_wconf 83' lang='lat' dir='ltr'>novum</span> <span class='ocrx_word' id='word_1_242' title='bbox 447 2724 545 2786; x_wconf 87' lang='lat' dir='ltr'>neque</span> <span class='ocrx_word' id='word_1_243' title='bbox 556 2710 741 2788; x_wconf 89' lang='lat' dir='ltr'>inopinatum</span> <span class='ocrx_word' id='word_1_244' title='bbox 756 2709 829 2770; x_wconf 90' lang='lat' dir='ltr'>mibi</span> <span class='ocrx_word' id='word_1_245' title='bbox 842 2711 894 2780; x_wconf 90' lang='lat' dir='ltr'>sit,</span> <span class='ocrx_word' id='word_1_246' title='bbox 907 2707 1044 2779; x_wconf 85' lang='lat' dir='ltr'>Quirites,</span> <span class='ocrx_word' id='word_1_247' title='bbox 1064 2717 1080 2768; x_wconf 78' lang='lat' dir='ltr'>a</span> 
     </span>
     <span class='ocr_line' id='line_1_31' title="bbox 85 2790 1045 2872; baseline -0.002 -18"><span class='ocrx_word' id='word_1_248' title='bbox 85 2794 128 2862; x_wconf 91' lang='lat' dir='ltr'>si,</span> <span class='ocrx_word' id='word_1_249' title='bbox 150 2791 229 2869; x_wconf 89' lang='lat' dir='ltr'>quod</span> <span class='ocrx_word' id='word_1_250' title='bbox 250 2807 343 2850; x_wconf 91' lang='lat' dir='ltr'>unum</span> <span class='ocrx_word' id='word_1_251' title='bbox 364 2790 492 2852; x_wconf 80' lang='lat' dir='ltr'>familiae</span> <span class='ocrx_word' id='word_1_252' title='bbox 513 2799 631 2854; x_wconf 85' lang='lat' dir='ltr'>nostrae</span> <span class='ocrx_word' id='word_1_253' title='bbox 649 2810 767 2872; x_wconf 88' lang='lat' dir='ltr'>semper</span> <span class='ocrx_word' id='word_1_254' title='bbox 785 2791 934 2854; x_wconf 85' lang='lat' dir='ltr'>obiectum</span> <span class='ocrx_word' id='word_1_255' title='bbox 948 2800 993 2854; x_wconf 89' lang='lat' dir='ltr'>est</span> <span class='ocrx_word' id='word_1_256' title='bbox 1009 2792 1045 2852; x_wconf 90' lang='lat' dir='ltr'>ab</span> 
     </span>
     <span class='ocr_line' id='line_1_32' title="bbox 85 2871 1046 2954; baseline -0.001 -16"><span class='ocrx_word' id='word_1_257' title='bbox 85 2875 234 2938; x_wconf 89' lang='lat' dir='ltr'>seditiosis</span> <span class='ocrx_word' id='word_1_258' title='bbox 249 2871 392 2944; x_wconf 83' lang='lat' dir='ltr'>uibunis,</span> <span class='ocrx_word' id='word_1_259' title='bbox 407 2874 438 2936; x_wconf 89' lang='lat' dir='ltr'>id</span> <span class='ocrx_word' id='word_1_260' title='bbox 449 2891 529 2935; x_wconf 90' lang='lat' dir='ltr'>nuno</span> <span class='ocrx_word' id='word_1_261' title='bbox 544 2893 602 2954; x_wconf 80' lang='lat' dir='ltr'>ego</span> <span class='ocrx_word' id='word_1_262' title='bbox 617 2893 735 2954; x_wconf 91' lang='lat' dir='ltr'>quoque</span> <span class='ocrx_word' id='word_1_263' title='bbox 752 2876 886 2946; x_wconf 87' lang='lat' dir='ltr'>audiam,</span> <span class='ocrx_word' id='word_1_264' title='bbox 908 2875 1046 2938; x_wconf 84' lang='lat' dir='ltr'>Claudiae</span> 
     </span>
     <span class='ocr_line' id='line_1_33' title="bbox 86 2953 1046 3039; baseline 0.002 -21"><span class='ocrx_word' id='word_1_265' title='bbox 86 2959 168 3038; x_wconf 83' lang='lat' dir='ltr'>genti</span> <span class='ocrx_word' id='word_1_266' title='bbox 181 2958 241 3017; x_wconf 87' lang='lat' dir='ltr'>iarn</span> <span class='ocrx_word' id='word_1_267' title='bbox 255 2953 324 3017; x_wconf 90' lang='lat' dir='ltr'>inde</span> <span class='ocrx_word' id='word_1_268' title='bbox 340 2955 377 3018; x_wconf 87' lang='lat' dir='ltr'>ab</span> <span class='ocrx_word' id='word_1_269' title='bbox 392 2959 477 3019; x_wconf 88' lang='lat' dir='ltr'>initio</span> <span class='ocrx_word' id='word_1_270' title='bbox 494 2957 568 3018; x_wconf 91' lang='lat' dir='ltr'>nibil</span> <span class='ocrx_word' id='word_1_271' title='bbox 590 2960 740 3037; x_wconf 89' lang='lat' dir='ltr'>antiquius</span> <span class='ocrx_word' id='word_1_272' title='bbox 754 2959 785 3020; x_wconf 91' lang='lat' dir='ltr'>in</span> <span class='ocrx_word' id='word_1_273' title='bbox 803 2977 837 3022; x_wconf 87' lang='lat' dir='ltr'>re</span> <span class='ocrx_word' id='word_1_274' title='bbox 853 2959 973 3039; x_wconf 90' lang='lat' dir='ltr'>publiea</span> <span class='ocrx_word' id='word_1_275' title='bbox 994 2977 1046 3037; x_wconf 89' lang='lat' dir='ltr'>pa-</span> 
     </span>
     <span class='ocr_line' id='line_1_34' title="bbox 86 3040 1047 3120; baseline 0.002 -18"><span class='ocrx_word' id='word_1_276' title='bbox 86 3051 167 3102; x_wconf 90' lang='lat' dir='ltr'>trum</span> <span class='ocrx_word' id='word_1_277' title='bbox 177 3040 328 3100; x_wconf 85' lang='lat' dir='ltr'>maiestate</span> <span class='ocrx_word' id='word_1_278' title='bbox 342 3040 448 3110; x_wconf 85' lang='lat' dir='ltr'>inisse,</span> <span class='ocrx_word' id='word_1_279' title='bbox 461 3059 580 3119; x_wconf 87' lang='lat' dir='ltr'>semper</span> <span class='ocrx_word' id='word_1_280' title='bbox 590 3042 686 3120; x_wconf 86' lang='lat' dir='ltr'>piebis</span> <span class='ocrx_word' id='word_1_281' title='bbox 701 3043 864 3105; x_wconf 85' lang='lat' dir='ltr'>commodis</span> <span class='ocrx_word' id='word_1_282' title='bbox 879 3043 1047 3104; x_wconf 88' lang='lat' dir='ltr'>adversatos</span> 
     </span>
     <span class='ocr_line' id='line_1_35' title="bbox 87 3121 1080 3203; baseline -0.002 -17"><span class='ocrx_word' id='word_1_283' title='bbox 87 3141 164 3186; x_wconf 89' lang='lat' dir='ltr'>esse.</span> <span class='ocrx_word' id='word_1_284' title='bbox 193 3139 321 3199; x_wconf 76' lang='lat' dir='ltr'>quorem</span> <span class='ocrx_word' id='word_1_285' title='bbox 337 3121 461 3184; x_wconf 86' lang='lat' dir='ltr'>alterum</span> <span class='ocrx_word' id='word_1_286' title='bbox 475 3141 572 3201; x_wconf 92' lang='lat' dir='ltr'>neque</span> <span class='ocrx_word' id='word_1_287' title='bbox 590 3142 666 3203; x_wconf 79' lang='lat' dir='ltr'>nego</span> <span class='ocrx_word' id='word_1_288' title='bbox 680 3143 778 3203; x_wconf 90' lang='lat' dir='ltr'>neque</span> <span class='ocrx_word' id='word_1_289' title='bbox 792 3126 898 3188; x_wconf 84' lang='lat' dir='ltr'>infitias</span> <span class='ocrx_word' id='word_1_290' title='bbox 913 3145 964 3196; x_wconf 89' lang='lat' dir='ltr'>eo,</span> <span class='ocrx_word' id='word_1_291' title='bbox 983 3143 1046 3195; x_wconf 90' lang='lat' dir='ltr'>nos,</span> <span class='ocrx_word' id='word_1_292' title='bbox 1064 3137 1080 3184; x_wconf 77' lang='grc'><strong>4</strong></span> 
     </span>
    </p>
   </div>
   <div class='ocr_carea' id='block_1_3' title="bbox 44 3204 1083 3537">
    <p class='ocr_par' dir='ltr' id='par_1_5' title="bbox 44 3204 1083 3537">
     <span class='ocr_line' id='line_1_36' title="bbox 88 3204 1046 3290; baseline 0.002 -22"><span class='ocrx_word' id='word_1_293' title='bbox 88 3226 124 3268; x_wconf 83' lang='lat' dir='ltr'>ex</span> <span class='ocrx_word' id='word_1_294' title='bbox 143 3224 202 3285; x_wconf 89' lang='lat' dir='ltr'>quo</span> <span class='ocrx_word' id='word_1_295' title='bbox 222 3204 326 3266; x_wconf 84' lang='lat' dir='ltr'>adsciti</span> <span class='ocrx_word' id='word_1_296' title='bbox 341 3206 545 3276; x_wconf 66' lang='lat' dir='ltr'>sumusaunut</span> <span class='ocrx_word' id='word_1_297' title='bbox 565 3209 598 3268; x_wconf 90' lang='lat' dir='ltr'>in</span> <span class='ocrx_word' id='word_1_298' title='bbox 611 3209 756 3272; x_wconf 71' lang='lat' dir='ltr'>mutatam</span> <span class='ocrx_word' id='word_1_299' title='bbox 777 3218 806 3271; x_wconf 90' lang='lat' dir='ltr'>et</span> <span class='ocrx_word' id='word_1_300' title='bbox 821 3216 938 3290; x_wconf 88' lang='lat' dir='ltr'>patres,</span> <span class='ocrx_word' id='word_1_301' title='bbox 962 3212 1046 3271; x_wconf 86' lang='lat' dir='ltr'>enixe</span> 
     </span>
     <span class='ocr_line' id='line_1_37' title="bbox 44 3287 1047 3371; baseline 0.001 -19"><span class='ocrx_word' id='word_1_302' title='bbox 44 3352 49 3361; x_wconf 80' lang='grc'><em>,</em></span> <span class='ocrx_word' id='word_1_303' title='bbox 89 3307 212 3370; x_wconf 91' lang='lat' dir='ltr'>operam</span> <span class='ocrx_word' id='word_1_304' title='bbox 233 3287 364 3359; x_wconf 86' lang='lat' dir='ltr'>dedisse,</span> <span class='ocrx_word' id='word_1_305' title='bbox 386 3296 419 3350; x_wconf 93' lang='lat' dir='ltr'>ut</span> <span class='ocrx_word' id='word_1_306' title='bbox 435 3308 489 3369; x_wconf 90' lang='lat' dir='ltr'>per</span> <span class='ocrx_word' id='word_1_307' title='bbox 506 3307 561 3352; x_wconf 87' lang='lat' dir='ltr'>nos</span> <span class='ocrx_word' id='word_1_308' title='bbox 580 3299 664 3354; x_wconf 82' lang='lat' dir='ltr'>aucta</span> <span class='ocrx_word' id='word_1_309' title='bbox 680 3294 778 3371; x_wconf 87' lang='lat' dir='ltr'>potius</span> <span class='ocrx_word' id='word_1_310' title='bbox 794 3309 882 3371; x_wconf 86' lang='lat' dir='ltr'>quam</span> <span class='ocrx_word' id='word_1_311' title='bbox 902 3295 1047 3354; x_wconf 87' lang='lat' dir='ltr'>inminuta</span> 
     </span>
     <span class='ocr_line' id='line_1_38' title="bbox 88 3375 1047 3452; baseline 0.002 -18"><span class='ocrx_word' id='word_1_312' title='bbox 88 3376 226 3436; x_wconf 90' lang='lat' dir='ltr'>maiestas</span> <span class='ocrx_word' id='word_1_313' title='bbox 249 3388 352 3433; x_wconf 90' lang='lat' dir='ltr'>earum</span> <span class='ocrx_word' id='word_1_314' title='bbox 377 3375 523 3451; x_wconf 79' lang='lat' dir='ltr'>gentium,</span> <span class='ocrx_word' id='word_1_315' title='bbox 550 3375 629 3436; x_wconf 86' lang='lat' dir='ltr'>inter</span> <span class='ocrx_word' id='word_1_316' title='bbox 649 3393 722 3452; x_wconf 90' lang='lat' dir='ltr'>quas</span> <span class='ocrx_word' id='word_1_317' title='bbox 744 3393 800 3437; x_wconf 86' lang='lat' dir='ltr'>nos</span> <span class='ocrx_word' id='word_1_318' title='bbox 822 3395 886 3438; x_wconf 89' lang='lat' dir='ltr'>esse</span> <span class='ocrx_word' id='word_1_319' title='bbox 907 3375 1047 3444; x_wconf 85' lang='lat' dir='ltr'>voluistis,</span> 
     </span>
     <span class='ocr_line' id='line_1_39' title="bbox 89 3454 1083 3537; baseline 0.003 -20"><span class='ocrx_word' id='word_1_320' title='bbox 89 3457 149 3517; x_wconf 90' lang='lat' dir='ltr'>diei</span> <span class='ocrx_word' id='word_1_321' title='bbox 159 3474 229 3518; x_wconf 84' lang='lat' dir='ltr'>rere</span> <span class='ocrx_word' id='word_1_322' title='bbox 245 3462 353 3534; x_wconf 90' lang='lat' dir='ltr'>posset.</span> <span class='ocrx_word' id='word_1_323' title='bbox 382 3454 456 3517; x_wconf 86' lang='lat' dir='ltr'>iilud</span> <span class='ocrx_word' id='word_1_324' title='bbox 471 3457 596 3518; x_wconf 90' lang='lat' dir='ltr'>aiterum</span> <span class='ocrx_word' id='word_1_325' title='bbox 611 3476 666 3537; x_wconf 94' lang='lat' dir='ltr'>pro</span> <span class='ocrx_word' id='word_1_326' title='bbox 681 3477 729 3520; x_wconf 88' lang='lat' dir='ltr'>me</span> <span class='ocrx_word' id='word_1_327' title='bbox 741 3459 962 3537; x_wconf 86' lang='lat' dir='ltr'>maioribusque</span> <span class='ocrx_word' id='word_1_328' title='bbox 974 3459 1049 3519; x_wconf 90' lang='lat' dir='ltr'>meis</span> <span class='ocrx_word' id='word_1_329' title='bbox 1065 3469 1083 3520; x_wconf 73' lang='lat' dir='ltr'>t</span> 
     </span>
    </p>
   </div>
   <div class='ocr_carea' id='block_1_4' title="bbox 124 3546 890 3610">
    <p class='ocr_par' dir='ltr' id='par_1_6' title="bbox 124 3546 890 3610">
     <span class='ocr_line' id='line_1_40' title="bbox 124 3546 890 3610; baseline 0.005 -6"><span class='ocrx_word' id='word_1_330' title='bbox 124 3569 149 3604; x_wconf 73' lang='grc' dir='ltr'>τ.</span> <span class='ocrx_word' id='word_1_331' title='bbox 164 3571 224 3608; x_wconf 80' lang='lat' dir='ltr'>narr</span> <span class='ocrx_word' id='word_1_332' title='bbox 237 3571 306 3608; x_wconf 78' lang='lat' dir='ltr'>eune</span> <span class='ocrx_word' id='word_1_333' title='bbox 319 3575 340 3610; x_wconf 84' lang='lat' dir='ltr'>r.</span> <span class='ocrx_word' id='word_1_334' title='bbox 850 3546 890 3608; x_wconf 79' lang='lat'>23</span> 
     </span>
    </p>
   </div>
   <div class='ocr_carea' id='block_1_5' title="bbox 0 0 1284 3956">
    <p class='ocr_par' dir='ltr' id='par_1_7' title="bbox 0 0 1284 3956">
     <span class='ocr_line' id='line_1_41' title="bbox 0 0 1284 3956; baseline 0 0"><span class='ocrx_word' id='word_1_335' title='bbox 0 0 1284 3956; x_wconf 95' lang='lat' dir='ltr'> </span> 
     </span>
    </p>
   </div>
  </div>
 </body>
</html>
