2534 3956
206 147 268 212 stt
369 161 610 204 transumens.
629 155 653 206 1.
684 143 725 222 [t.
740 163 769 205 u.
788 163 814 202 c.
830 151 880 206 565
899 139 991 220 (366)]

451 425 676 488 Puutottlt
703 423 828 494 LIBRI
862 427 912 487 vt.

274 559 324 608 Res
342 559 464 609 adversus
475 559 584 616 Vulsecs
598 567 622 607 et
634 559 736 622 Aequos
755 566 779 607 et
790 559 965 612 Praenestinos
1001 575 1105 624 respere
1116 574 1168 676 ge·
1250 603 1251 626 q

206 635 258 676 stes
271 627 390 676 continet.
414 634 531 690 quattuor
547 626 626 675 tribus
640 625 766 675 adiectae}
789 618 984 694 Stellatipsst'iro
996 620 1000 629 s
1012 624 1097 676 eucine

206 693 292 742 batim
301 694 441 746 Arniensis.
469 693 503 742 M.
516 693 638 752 llenlius,
656 693 698 757 qui
717 693 865 759 Capitolium
882 693 986 744 eGullis
1003 694 1167 754 defenderat,

206 774 264 810 eum
276 761 410 811 obstrictos
422 775 479 808 aere
490 761 573 810 alieno
585 761 714 826 liberaret,
732 777 814 826 nexos
827 763 979 825 eqeelyereu
998 761 1103 816 erimine
1115 763 1151 821 ed

206 827 290 878 lectsti
302 829 373 892 regui
386 827 519 877 damnatus
532 827 564 876 de
575 842 638 880 saxo
651 829 763 890 deiectus
777 841 826 888 est;
839 831 865 878 in
878 831 949 880 cuiue
962 839 1046 894 uotam
1058 837 1164 880 senatus

206 893 351 945 consultum
362 893 457 943 factum
471 902 523 953 est,
541 895 626 944 necui
644 896 676 944 de
693 893 784 945 blasilia
796 900 871 960 gente
883 889 967 958 Murco
980 911 1070 964 nomen
1084 892 1163 945 es'set.

207 961 235 1010 (l.
248 961 359 1010 Licinius
378 969 402 1009 et
419 959 449 1010 L.
462 959 564 1010 Sextius
581 961 674 1011 tribuni
686 960 767 1026 plebis
777 961 860 1028 legem
877 959 1117 1029 promulgover'un't',
1136 975 1165 1012 ut

206 1027 324 1078 eonsules
337 1031 369 1076 e'x
380 1027 455 1092 plebe
466 1027 567 1086 flerent,
581 1030 623 1091 qni
636 1043 668 1078 ex
679 1030 793 1092 putribus
805 1032 967 1088 creabuntnre
985 1039 1090 1092 eumque
1102 1037 1164 1079 cum

205 1109 298 1160 magne
309 1094 470 1144 contentione
482 1095 682 1160 repugnantibus
694 1097 819 1159 patribus,
837 1113 894 1148 eum
907 1097 974 1148 idem
992 1097 1086 1153 tribuni
1103 1097 1161 1162 ple-

205 1161 243 1211 bis
256 1177 302 1230 per
314 1162 512 1224 quinquennium
525 1161 572 1210 soli
585 1164 746 1228 magistratus
759 1164 874 1230 luissent,
887 1165 1057 1234 peptuleruut3
1070 1175 1095 1213 et
1107 1165 1162 1228 pri·

205 1242 262 1277 mue
275 1243 308 1278 ex
319 1227 393 1292 plebe
410 1227 500 1277 consul
512 1228 540 1277 L.
560 1228 663 1280 Sextius
682 1239 780 1281 creatus
794 1225 840 1296 'eet
864 1232 914 1298 lota
927 1241 964 1292 est
982 1242 1006 1280 et
1017 1231 1097 1280 altero
1108 1231 1166 1290 lex,

205 1309 238 1343 ne
250 1295 290 1344 oui
302 1295 360 1359 plue
373 1295 516 1360 quingentis
530 1297 659 1360 iugeribus
671 1295 725 1362 agri
736 1289 824 1346 licerc‘t⁴
834 1299 975 1363 possidere.
986 1291 999 1300 ”

324 1516 400 1578 ΤΙΤΙ
417 1515 490 1575 LlVl
505 1514 551 1576 ΑΒ
568 1515 667 1577 URBE
686 1516 845 1580 CONDITA
863 1517 974 1577 LIBER
990 1515 1036 1576 Vl.

172 1655 187 1708 l
267 1655 288 1716 l.
321 1651 402 1724 Quae
418 1653 453 1716 ab
466 1654 582 1714 condita
595 1649 669 1713 urhe
681 1649 773 1712 Roma
789 1651 824 1738 ad
842 1659 986 1732 eapteme
1027 1651 1093 1715 dem
1108 1669 1162 1714 ur·

174 1763 176 1769 ·
203 1739 272 1802 bem
289 1739 414 1799 Romani
435 1736 490 1800 snb
512 1735 632 1816 regibus
647 1736 790 1813 primunt,
814 1734 985 1814 consiniibns
1023 1734 1109 1798 einde
1127 1755 1162 1798 ac

205 1821 397 1884 dictatoribus
412 1822 644 1900 decemvirisque
665 1837 700 1880 ac
721 1817 849 1898 tribunis
867 1807 1072 1895 censentibus
1094 1837 1162 1899 ges·
1250 1863 1251 1884 r

204 1925 285 1976 sere,
302 1907 374 1968 ieris
389 1905 484 1975 bella,
500 1905 579 1966 domi
593 1903 768 1973 seditiones,
784 1895 914 1987 quinque
929 1903 1014 1981 libris
1025 1905 1161 1984 exposui,

168 1999 186 2048 2
203 2009 252 2052 res
274 2007 341 2051 cum
365 1996 510 2051 vetustate
524 1990 615 2049 nimia
631 1987 789 2057 obscuras,
811 1985 891 2050 velut
907 2006 982 2067 quae
999 2005 1106 2066 magne
1125 2007 1161 2049 ex

202 2073 355 2135 intervallo
371 2071 430 2134 loci
449 2075 496 2134 vix
519 2079 697 2142 cernuntur,
724 2079 786 2132 tum
807 2072 885 2153 quod
907 2090 1014 2156 parvae
1030 2078 1059 2132 et
1073 2090 1162 2132 rarae

201 2175 255 2236 per
281 2155 382 2217 eadem
405 2164 538 2234 tempera
558 2155 674 2216 litterae
698 2155 798 2220 suere.
823 2155 1037 2219 una-custodia
1063 2154 1161 2216 fidelis

201 2241 362 2300 memoriae
372 2256 474 2299 rerum
487 2246 651 2315 gestarum,
664 2243 693 2300 et
704 2237 792 2316 quod,
810 2239 896 2299 etiam
908 2239 933 2300 si
945 2255 1020 2315 quae
1035 2239 1066 2296 in
1079 2255 1160 2298 com·

201 2321 353 2382 menteriis
374 2323 548 2401 pontificum
569 2319 693 2400 aliisque
715 2320 844 2400 publicis
871 2322 1053 2400 privatisque
1075 2329 1160 2382 erant

166 2413 183 2464 3
201 2403 415 2474 monumentis,
438 2407 557 2468 incense
573 2404 647 2466 urbe
671 2403 833 2483 pleraeque
850 2405 1001 2467 interiere.
1031 2403 1158 2464 clariora

200 2490 342 2566 deinceps
358 2491 544 2568 certioraque
557 2486 593 2548 ab
608 2489 737 2564 secunda¹
753 2489 867 2565 origine
878 2487 957 2549 velut
968 2486 1004 2548 ab
1016 2486 1159 2566 stirpibus

200 2573 306 2634 laetius
322 2571 510 2650 ferociusque
533 2579 653 2644 renatae
675 2570 759 2638 urbis
780 2580 862 2648 gesta
881 2571 961 2632 domi
976 2571 1158 2647 militiaeque

164 2667 182 2716 4
200 2661 395 2735 exponentur.
425 2661 556 2717 ceterum
572 2657 669 2734 prime
692 2673 749 2733 que
769 2654 948 2716 adminiculo
969 2661 1067 2718 erecta
1083 2661 1158 2723 erat,

201 2740 304 2800 eodem
319 2740 419 2801 innixa
435 2740 471 2801 ll.
492 2740 582 2800 Furio
599 2741 735 2818 principe
756 2739 850 2808 stetit,
872 2755 969 2817 neque
990 2756 1058 2800 eum
1074 2735 1158 2798 abdi·

165 2835 182 2885 t
201 2842 268 2884 care
284 2842 316 2882 se
332 2822 476 2884 dictatura
491 2825 548 2886 nisi
560 2842 636 2884 auno
653 2825 832 2882 circumactu
847 2824 926 2902 passi
935 2829 1012 2884 sunt.
1040 2821 1158 2882 comitis

199 2908 229 2965 in
240 2907 447 2982 insequentem
459 2925 568 2968 annum
585 2905 721 2967 tribunos
732 2903 859 2976 haltere,
875 2923 1002 2983 querum
1018 2907 1049 2966 iu
1063 2905 1157 2982 magi·

200 2995 294 3050 stratu
309 2995 393 3067 capta
413 2989 486 3050 urbs
503 2997 592 3060 esset,
615 3008 674 3050 nou
691 2989 816 3067 placuit:
836 3007 886 3050 res
902 2991 938 3050 ad
953 2991 1158 3066 interregnum

165 3079 188 3134 o,
199 3073 297 3135 rediit.
330 3091 397 3134 cum
414 3075 516 3134 civitas
528 3075 559 3134 in
574 3091 665 3153 opere
680 3090 715 3133 ac
726 3070 829 3134 labere
843 3072 966 3133 adsiduo
977 3071 1158 3133 reficiendae

199 3155 282 3216 urbis
297 3164 467 3227 teneretur,
483 3159 604 3217 interim
626 3155 659 3224 Ο.
676 3154 783 3226 Fabio,
806 3154 894 3216 simul
914 3158 1042 3235 primum
1064 3155 1157 3232 magi·

199 3245 294 3298 stratu
308 3238 394 3308 abiit,
417 3239 453 3299 eb
470 3241 521 3302 Cn,
539 3240 649 3301 Marcie
671 3237 791 3300 tribuno
811 3237 907 3319 plebis
924 3238 1001 3300 dicta
1024 3239 1087 3298 dies
1103 3244 1157 3306 est,

200 3321 278 3398 quod
296 3321 409 3398 legatus
424 3323 454 3381 in
470 3322 583 3393 Gallos,
602 3323 638 3384 ad
656 3341 729 3401 quos
745 3323 854 3386 missus
870 3328 935 3384 erat
950 3328 1065 3392 orator,
1085 3338 1158 3381 con-

167 3399 243 3461 ⁷tra
266 3405 312 3462 ius
332 3406 463 3480 gentium
487 3414 654 3484 pugnasset
686 3407 733 3466 cui
755 3407 866 3468 iudicio
886 3425 954 3469 eum
981 3422 1062 3467 mors
1082 3403 1158 3476 adeo
