2580 3954
337 261 495 306 uranum.
522 261 594 306 eur.
608 254 650 310 ne·
666 253 710 308 27.
742 245 782 323 [a.
800 244 834 305 C.
848 244 911 328 458]
1043 253 1102 314 151

144 428 328 490 magnopere
344 409 427 472 clade
442 418 563 490 accepta
578 411 681 474 castris
695 429 727 474 se
743 411 865 491 pavidus
877 412 1005 476 tenebat
1025 413 1104 492 quod
1120 423 1140 474 ι

144 495 198 556 ubi
213 501 368 558 senserant
381 493 499 566 hostes,
520 497 613 558 crevit
628 513 665 558 ex
678 502 760 557 metu
776 495 888 567 alieno,
902 504 936 558 ut
950 497 997 568 ur,
1014 497 1105 558 auda·

143 580 207 649 cia,
232 585 262 642 et
281 585 370 640 nocte
386 577 483 642 adoni
503 586 614 650 casua,
636 585 792 657 postquam
815 597 921 658 perum
938 582 982 641 ris
1003 588 1104 660 aperta

144 662 323 741 profecerat,
332 662 514 727 munitiones
525 669 646 740 postero
658 663 706 726 die
717 663 909 724 circumdant.
921 680 997 742 quae
1007 666 1104 742 prius-

145 763 235 823 quam
249 745 381 822 uudique
396 744 476 806 rell·
494 744 629 811 obiectae
652 745 824 810 clauderent
841 749 950 818 enims,
973 749 1104 826 quinque

144 830 260 906 equites
278 831 358 890 inter
378 831 455 890 statis
466 847 520 891 nes
542 829 672 892 hostium
691 830 791 894 emissi
807 830 931 892 Romam
951 830 1104 910 pertulere

144 910 298 976 consulem
320 913 543 990 exercitumque
564 912 704 976 obsideri
735 912 815 976 nihil
836 920 896 976 tarn
918 915 1138 994 inopinatums

143 1013 200 1058 nco
213 1003 274 1058 tam
288 997 472 1074 insperatum
486 996 623 1060 accidere
637 998 743 1076 potuit.
772 999 872 1075 itaquo
889 1004 988 1060 nutus
1000 1015 1102 1078 paror,

142 1086 223 1142 tanta
237 1079 396 1158 trepidatio
410 1079 480 1152 fuit,
499 1087 622 1157 quamn
638 1082 663 1140 si
676 1079 796 1151 urbem,
815 1098 877 1142 nou
891 1089 987 1144 castra
1001 1081 1103 1144 hostes

142 1161 324 1226 &moerent
355 1163 495 1224 Nautium
519 1161 672 1228 consulem
696 1171 858 1228 arcessunt.
892 1167 1007 1242 inquo
1035 1178 1138 1230 cumo

143 1264 251 1326 parurn
272 1247 415 1326 praesidii
434 1246 599 1317 uderetur,
624 1246 856 1326 dictatoremque
876 1247 935 1310 clici
961 1247 1101 1326 placeret,

142 1333 278 1408 quirem
298 1329 467 1410 perculsam
489 1333 672 1402 restitueret,
692 1330 727 1394 L.
745 1329 898 1401 Quinctius
913 1331 1103 1394 Cincinnatus

90 1440 93 1448 ¹
142 1431 292 1476 consensu
307 1416 440 1476 ennium
452 1413 569 1478 dicitur.

208 1497 324 1577 Operae
337 1500 468 1577 pretium
481 1507 525 1562 cst
539 1498 642 1562 andus
657 1501 708 1576 qui
724 1502 822 1564 omnia
844 1517 917 1579 prae
929 1499 1036 1562 divitiis
1046 1498 1100 1560 hu·
1119 1514 1135 1565 7

143 1601 230 1644 mane
245 1589 398 1661 spernunt,
415 1599 514 1660 neque
527 1582 636 1644 leonori
652 1600 759 1662 magno
773 1581 873 1646 locum
888 1602 986 1663 neque
1000 1585 1101 1645 uirtuti

142 1674 246 1747 putant
260 1685 335 1737 esse,
349 1667 408 1728 nisi
420 1665 472 1731 rabi
486 1667 596 1730 effusae
613 1667 744 1729 adfluunt
756 1685 843 1746 opes:
859 1686 928 1748 spes
943 1668 1031 1729 unica
1045 1669 1100 1728 im·
1117 1683 1135 1735 8

141 1752 219 1830 perii
239 1749 344 1831 populi
356 1750 484 1814 Romani
501 1749 534 1812 L.
552 1749 705 1822 Quinctius
727 1759 810 1814 nans
825 1751 975 1822 Tiberim,
997 1759 1100 1813 oontm

142 1853 211 1896 eum
232 1835 330 1912 ipsum
343 1832 457 1906 locum,
472 1833 525 1898 uhi
539 1851 619 1896 nnuc
634 1833 753 1896 Narelia
769 1843 846 1907 sunt,
864 1842 1001 1913 quattuor
1017 1837 1099 1913 iuge·

141 1935 209 1979 rum
224 1917 342 1981 colebm
356 1935 469 1997 agrum,
487 1935 562 1996 quae
576 1926 661 1998 prata
675 1915 810 1988 Quinctia
825 1926 977 1980 vocantru.
1005 1917 1048 1980 ibi
1062 1917 1098 1979 ab
1117 1923 1135 1976 ι

141 2000 261 2080 legatis,
279 2020 333 2064 seu
346 2003 456 2064 fossam
469 2003 586 2064 fodiem
598 2001 683 2082 palae
697 2003 825 2074 iunixus,
841 2021 894 2066 seu
908 2019 977 2064 curn
991 2009 1099 2072 uarat,

140 2087 332 2163 operiente,
347 2085 472 2164 idquod
488 2091 615 2157 constat,
631 2087 739 2164 agresti
755 2089 899 2157 intentus,
918 2086 1012 2148 salute
1034 2086 1100 2147 data

141 2172 172 2230 iu
189 2171 284 2232 ricem
301 2170 475 2248 redditaque
492 2177 627 2248 rogatus,
644 2177 693 2241 ut,
714 2170 794 2248 quod
808 2170 886 2232 bene
900 2176 1029 2232 verteret
1042 2169 1100 2247 ipsi

141 2255 247 2330 reique
261 2251 410 2332 publicae,
424 2260 541 2333 togatus
555 2254 691 2316 mandata
706 2261 825 2316 senatus
836 2254 960 2325 audiret,
972 2253 1099 2315 admira

141 2344 188 2398 tus
212 2339 403 2416 rogitansque
428 2339 524 2408 „satin
539 2335 649 2409 salver,
671 2345 770 2416 togam
789 2356 921 2417 propere
942 2358 959 2400 e
980 2338 1098 2415 tugurio

140 2421 279 2499 prolerre
295 2439 420 2484 uxorem
433 2419 577 2484 Raciliam
590 2419 681 2484 iubet
713 2438 770 2500 qua
794 2421 881 2484 simul
898 2421 1017 2484 abtcrso
1032 2419 1098 2500 pul·
1118 2427 1151 2480 lo

141 2521 211 2564 uere
231 2523 266 2566 ac
287 2505 397 2568 sudore
414 2503 527 2568 velatus
542 2507 703 2585 processit,
725 2505 898 2568 dictatorern
920 2523 987 2566 cum
1009 2503 1098 2580 legati

139 2587 322 2666 gratulantes
332 2588 532 2661 consalutant,
550 2590 581 2650 in
592 2588 698 2652 urbem
708 2597 828 2660 vocant,
842 2591 892 2667 qui
906 2596 1005 2652 terror
1016 2589 1053 2648 sit
1066 2588 1098 2646 in

141 2673 288 2744 exercitu,
311 2680 471 2753 exponunt.
507 2675 590 2736 navis
612 2670 748 2743 Quinctio
771 2671 892 2752 publice
911 2679 1012 2753 parata
1033 2671 1096 2741 luit,
1118 2677 1148 2728 11

140 2761 398 2836 transvectumque
419 2765 480 2820 tres
496 2757 611 2820 ebrum
635 2759 747 2835 egressi
765 2757 818 2818 lilii
839 2759 1002 2835 excipiunt,
1027 2755 1097 2817 inde

140 2837 191 2898 alii
210 2841 372 2918 propinqui
391 2848 479 2920 atque
499 2842 602 2912 surici,
627 2847 689 2902 tum
703 2848 820 2920 patrum
841 2843 937 2903 maior
951 2859 1030 2920 pars.
1063 2857 1097 2901 ea

139 2921 306 2997 frequentia
325 2926 450 3003 stipatus
470 2923 712 2988 cencedenunus
724 2924 880 2987 lictoribus
894 2924 1037 2986 deductus
1054 2928 1099 2985 est

141 3003 271 3064 domurn
302 3013 332 3070 et
350 3006 448 3086 plebis
469 3025 634 3072 concursus
648 3011 754 3086 ingens
772 3010 840 3078 luit;
867 3008 920 3071 sed
935 3023 969 3070 et
984 3025 1095 3086 nequa·
1117 3020 1147 3070 ιι

141 3104 230 3164 quarn
245 3095 306 3152 tarn
319 3087 395 3154 laeta
410 3088 578 3158 (tunorium
596 3092 677 3162 vidit,
694 3100 723 3154 ct
737 3094 855 3170 imperii
871 3093 996 3152 nimium
1015 3099 1044 3151 et
1054 3092 1096 3149 ri·

140 3188 205 3232 rum
220 3168 280 3252 [iu]
296 3173 363 3250 ipsc
376 3174 502 3252 irnperio
514 3175 764 3238 vehementiorem
774 3183 846 3237 rata.
865 3175 903 3236 Et
916 3173 966 3234 illa
978 3173 1096 3252 quidem

140 3261 227 3316 nocte
242 3254 316 3316 nihil
333 3263 542 3334 praeterquam
557 3259 707 3337 vigilatum
721 3264 766 3320 est
779 3260 810 3318 in
826 3258 909 3319 urbe.

202 3337 314 3400 XXVII.
336 3339 460 3404 Postero
471 3341 520 3403 dis
533 3342 659 3404 dictator
673 3360 742 3404 cum
756 3349 824 3405 ante
839 3342 937 3404 lucem
951 3342 983 3402 in
998 3340 1096 3402 lorum
1115 3346 1129 3398 ι

140 3424 281 3496 venisset,
303 3426 477 3502 magistrum
496 3427 628 3505 equitum
647 3427 718 3488 dicit
736 3425 769 3486 L.
785 3427 983 3504 Tarquitium,
1004 3423 1096 3504 patri·

139 3507 203 3567 ciac
222 3509 333 3585 gentis,
355 3509 408 3572 sed
425 3510 476 3588 qui
492 3527 559 3572 curn
574 3511 719 3591 stipendia
736 3509 862 3590 pedibus
883 3515 1006 3589 propter
1024 3525 1096 3587 pau·
