2580 3954
280 229 374 270 rnsnn
392 229 438 268 111.
465 227 534 268 ear.
550 220 592 272 39.
608 219 651 270 40.
679 207 718 290 [a.
737 210 771 269 O·
786 210 941 289 450·(4l9)]
1029 218 1088 280 163

131 397 221 458 quam
237 395 304 438 oum
317 378 369 446 iis,
390 376 442 452 qui
462 373 560 452 legum
579 375 772 438 serendarum
793 395 880 439 eausa
902 382 993 442 creati
1016 381 1088 442 nibil

130 465 205 524 iuris
216 464 247 522 in
260 462 374 520 civitate
388 457 579 536 reliquerint,
598 461 649 538 qni
665 463 795 530 comitia,
811 464 862 538 qui
873 481 987 526 annuos
998 467 1088 543 magi-

131 554 254 615 stratus,
271 545 321 620 qui
332 543 562 604 uoissimdinem
577 545 780 622 imperitandi,
797 545 876 621 quod
895 565 987 608 tinum
1005 567 1088 609 exae-

130 629 266 708 quandae
281 629 318 688 sit
331 625 490 697 libertatis,
508 626 694 700 minuerint,
708 631 758 706 qui
772 631 878 708 privati
890 631 985 693 lasees
999 639 1028 693 et
1042 651 1088 693 re·

131 717 211 793 gum
229 712 387 790 imperium
404 709 539 772 habeant.
570 711 661 772 fuisse
682 711 803 790 regibus
825 716 933 776 exactis
950 716 1090 794 patriolos
1107 721 1123 770 9

130 797 332 874 magistratus,
354 802 469 856 creatos
489 802 590 873 pastea
612 801 680 874 post
700 798 897 858 secessionem
914 798 1010 877 plebis
1026 799 1089 878 ple·

130 880 224 942 beios.
260 881 344 940 ouius
360 877 404 939 illi
419 881 511 956 partis
530 886 640 950 essent,
655 883 795 958 rogitare.
824 881 1001 960 populares?
1019 884 1088 960 quid

131 965 209 1026 enim
229 981 281 1024 eos
301 981 356 1040 per
369 961 515 1040 populum
536 964 649 1041 egisse?
674 966 848 1043 optimates?
870 968 923 1043 qui
935 984 1016 1028 anuo
1032 969 1090 1027 ianr

130 1065 226 1128 prope
240 1055 374 1108 senatum
388 1063 449 1107 nou
470 1045 641 1118 habuerint,
662 1055 732 1109 tuno
747 1051 786 1109 ita
799 1048 942 1120 habeant,
957 1056 991 1111 ut
1005 1051 1041 1112 de
1056 1068 1089 1111 re

130 1129 250 1211 publiea
264 1128 346 1208 loqui
359 1129 556 1209 prohibeant?
572 1149 611 1192 ne
626 1133 750 1196 ninnium
767 1135 796 1192 in
810 1140 891 1194 metu
909 1133 1005 1195 alieno
1025 1135 1089 1213 spei
1109 1137 1140 1189 10

131 1220 286 1294 ponerent.
318 1214 468 1291 graviora,
489 1231 565 1292 quae
586 1217 750 1293 patiantur,
773 1217 865 1278 videri
884 1218 944 1278 iam
960 1216 1088 1278 homini-

131 1298 187 1360 bus
204 1315 292 1374 quam
308 1314 383 1374 quae
402 1305 542 1359 metuant.

193 1381 252 1442 XL.
291 1380 371 1443 llaec
401 1382 579 1444 vociferante
604 1383 725 1445 Horatio
750 1401 816 1445 oum
847 1384 1006 1446 decemviri
1034 1392 1121 1445 neat

130 1468 193 1527 irae
212 1483 269 1527 neo
282 1465 456 1543 ignoscendi
470 1467 589 1526 modum
613 1470 795 1546 reperirent,
817 1485 873 1528 nea
893 1484 951 1545 quo
967 1485 1090 1530 evasura

22 1601 26 1610 ,
130 1569 179 1612 res
195 1556 271 1612 esset
286 1556 458 1620 cernerent,
481 1549 644 1621 t'aClaudi,
670 1554 720 1628 qui
734 1557 857 1630 patruus
874 1551 951 1630 Appi
971 1552 1123 1614 decem-2
1208 1549 1214 1558 ‘

131 1634 186 1694 viri
201 1640 277 1704 erat,
293 1635 386 1695 oratio
401 1634 457 1694 fuit
470 1634 610 1712 precibus
626 1638 823 1713 quamiurgio
842 1635 961 1704 similis,
978 1637 1089 1696 orantis

130 1736 185 1799 per
206 1719 252 1779 sui
269 1718 370 1778 fratris
395 1721 585 1796 parentisque
607 1721 668 1780 eius
687 1737 805 1789 manes,
826 1726 859 1780 ut
881 1717 973 1780 civilis
990 1720 1089 1796 potius
1107 1729 1123 1780 3

130 1803 291 1872 societatis,
311 1802 343 1862 iu
363 1818 419 1878 qua
439 1809 524 1864 natus
541 1811 631 1873 esset,
654 1820 742 1880 quam
759 1803 888 1864 laederis
909 1803 1023 1862 nefarie
1038 1803 1088 1862 icti

131 1901 199 1946 curn
222 1884 342 1963 collegis
362 1887 551 1948 meminisset.
581 1887 673 1947 multo
691 1887 722 1946 id
739 1888 831 1963 magis
853 1905 884 1946 se
902 1885 981 1947 illius
1001 1903 1087 1946 eausa

131 1987 218 2031 orare
233 1986 322 2048 quam
336 1970 382 2030 rei
396 1969 546 2047 publicae:
570 1972 679 2048 quippe
693 1987 757 2030 rem
774 1967 939 2046 publicam,
962 1971 987 2030 si
1004 1987 1021 2028 a
1037 1987 1087 2028 vo·
1106 1975 1122 2022 a

130 2051 259 2114 lantibus
270 2060 411 2129 nequeat,
428 2051 464 2112 ab
476 2053 574 2112 mritis
585 2055 631 2112 ius
644 2055 846 2130 expetiturum.
870 2051 922 2114 sed
934 2069 970 2113 ex
980 2069 1087 2130 magno

131 2137 292 2198 certamina
308 2145 429 2213 magnas
442 2137 565 2197 excitari
585 2135 679 2197 serrae
693 2137 768 2204 iras;
788 2153 889 2197 earum
906 2143 1041 2198 eventum
1056 2155 1088 2196 se

130 2220 264 2282 horrere.
296 2237 364 2279 cum
379 2217 457 2280 aliud
475 2227 682 2298 praeterquam
700 2219 810 2296 dequo
828 2218 1010 2290 retulissent,
1037 2220 1087 2280 de·
1105 2225 1122 2275 a

131 2305 252 2365 oemviri
266 2303 368 2364 dicere
384 2302 592 2382 prohiberent,
614 2302 766 2365 Claudiurn
781 2302 988 2382 interpellandi
1003 2321 1087 2364 vere·

131 2387 237 2449 cundia
253 2387 316 2448 luit.
349 2388 524 2448 sententiam
539 2388 628 2466 igitur
643 2388 759 2466 peregit
780 2385 892 2446 nullum
907 2386 1026 2464 plaeere
1041 2405 1087 2447 se·

130 2479 216 2532 natus
232 2469 397 2532 oonsulturn
410 2471 484 2532 lieri.
518 2485 679 2548 omnesque
693 2471 732 2530 ita
747 2469 944 2548 accipiebant,
960 2473 1089 2548 privatos
1106 2477 1123 2527 6

132 2573 183 2617 eos
202 2573 218 2614 a
235 2553 355 2616 Claudio
373 2555 530 2625 iudicatos,
551 2553 695 2630 multique
715 2572 751 2614 ex
772 2551 976 2614 oonsrrlaribus
997 2551 1092 2630 verbo

131 2639 248 2700 adsensi
261 2646 338 2699 sunt.
372 2637 428 2699 alia
440 2640 597 2708 sentemia,
614 2640 748 2716 asperior
758 2639 790 2697 in
804 2637 949 2715 speeiem,
964 2637 1023 2696 rim
1034 2635 1087 2695 rni-
1106 2647 1122 2695 7

130 2739 236 2783 norem
253 2721 401 2800 aliquanto
416 2723 534 2794 babuit,
557 2739 633 2800 quae
652 2722 795 2801 patricios
810 2722 891 2782 oeire
908 2721 944 2780 ad
959 2719 1088 2798 proden-

131 2806 202 2866 dum
222 2807 403 2885 interregem
421 2806 551 2870 iubebat.
587 2805 735 2882 censendo
763 2807 856 2876 emm,
885 2819 1087 2882 quoscumque

131 2891 317 2966 magistratus
338 2909 402 2952 esse
422 2893 474 2969 qui
490 2899 625 2952 senatum
644 2888 790 2952 haberent
808 2887 993 2958 iudicabant,
1014 2904 1088 2964 quos

131 2973 260 3051 privatos
284 2973 397 3036 iecerat
415 2982 518 3036 anutor
533 2975 643 3036 nullius
663 2981 782 3035 senatus
802 2972 929 3034 consulti
950 2971 1086 3034 faciendi.

131 3057 171 3116 ita
189 3054 306 3118 labente
320 3059 378 3118 iam
393 3075 481 3120 eausa
496 3057 730 3120 decantatorum
745 3057 778 3118 L.
795 3055 949 3120 Cornelius
966 3052 1087 3130 Malugi-
1106 3060 1122 3109 8

131 3141 248 3210 nensis,
263 3140 300 3202 Μ.
317 3141 436 3202 Corneli
454 3143 613 3204 decemviri
626 3141 733 3211 irater,
750 3157 817 3201 oum
832 3158 868 3201 ex
883 3135 1087 3200 consularibus

132 3223 168 3284 ad
187 3223 323 3286 ultimum
343 3225 459 3288 dicendi
472 3225 571 3286 lunum
586 3223 720 3288 oomulto
735 3231 867 3286 servatus
879 3228 976 3292 esset,
997 3223 1087 3282 simu-

131 3309 219 3370 tando
236 3327 338 3372 euram
349 3308 420 3371 belli
434 3309 556 3372 fratrem
566 3308 753 3388 collegasque
768 3309 832 3369 eius
847 3305 999 3378 tuebatur,
1015 3321 1087 3383 quo·
1105 3321 1121 3372 ςΙ

130 3409 199 3452 num
216 3393 275 3456 lato
292 3393 444 3456 incidisset
456 3395 560 3456 mirari
575 3411 607 3456 se
622 3393 772 3462 dictitans,
792 3399 823 3452 ut
840 3391 1021 3453 decemviros
1036 3389 1087 3466 qui

132 3475 359 3540 decemviratum
377 3480 533 3558 petissent,
555 3485 606 3540 aut
621 3478 709 3546 socii,
731 3483 781 3537 aut
799 3475 831 3536 hi
851 3476 977 3592 mazime
994 3483 1086 3551 oppu-
