2548 3954
287 225 333 273 DE
347 227 421 274 ΤΙΤῙ
436 227 522 276 LIVII
537 227 619 278 VITA
634 229 679 277 ltu
694 229 856 286 scalpris.
912 233 1048 282 LXXXIII

85 387 242 446 evidentior
255 404 286 446 ea
299 394 348 450 est,
368 401 448 460 quam
462 396 493 444 ut
508 388 669 462 probatione
685 406 752 464 opus
767 391 811 446 sit.
834 390 872 446 lle
887 394 949 466 quis
964 393 1048 466 igitur

85 473 150 529 mihi
174 473 306 547 protinus
327 469 454 528 reclamet
479 470 539 528 tolli
562 481 696 546 receptam
720 471 878 530 lectionem:
899 477 946 532 sed
972 476 1048 550 prius

85 557 259 618 consideret,
284 555 349 629 quid
364 553 516 618 sublatum,
537 555 632 630 quidve
654 556 812 630 repositum.
842 555 970 632 Equidem
990 575 1047 615 eam

85 638 235 698 lectionem
248 639 348 696 iustius
362 655 413 713 pro
429 645 538 712 recepta
554 638 701 696 habendam
716 655 823 703 censeo.
841 658 909 714 quae
924 650 987 698 urite
1001 660 1047 698 ao·

86 740 136 780 uos
157 723 223 798 plus
238 721 311 780 mille
327 729 506 796 complacet,
522 739 603 795 quam
619 739 687 795 quae
702 723 832 798 proximis
850 725 926 782 annis
941 742 990 799 per
1007 734 1046 799 tp·

86 807 295 880 pographorum
312 803 481 862 oscitantiam
497 806 613 872 orimum
630 806 750 881 irrepsit,
766 824 827 864 mox
844 824 989 866 numerosa
1001 826 1046 864 ro·

86 890 221 948 luminum
236 889 386 964 propagine
402 889 429 944 in
443 887 501 946 dles
513 897 653 946 tnvaturt.⁴'
674 889 767 965 ltaque
776 901 807 948 ut
820 899 937 948 veterem
953 891 1047 951 lectio·

87 991 147 1030 nem
161 973 308 1030 restituere
322 980 443 1047 possent.
458 973 563 1030 codices
576 972 703 1047 antiquos
719 974 840 1031 studiose
850 975 1048 1050 investigarunt
1101 979 1105 986 '

88 1066 114 1112 et
136 1049 383 1128 contulerunt²⁸⁴b
415 1054 448 1111 Et
467 1055 610 1114 llheoauus
632 1057 740 1130 quidem
759 1067 869 1131 praeter
891 1058 960 1116 alios
980 1077 1047 1117 usus

88 1151 129 1197 est
139 1139 338 1197 wormaciensi
353 1138 455 1214 primae
466 1140 572 1199 decadis
587 1157 669 1214 supra
685 1151 905 1204 commemorato,
921 1142 1046 1200 Gelenius

88 1226 187 1281 iterum
208 1223 331 1282 adhibuit
344 1223 530 1296 hloguutinum
544 1233 655 1297 quartae
672 1224 792 1288 decadis,
809 1226 898 1282 minus
910 1225 1003 1284 felices
1018 1226 1046 1282 in

87 1310 192 1381 primae
206 1309 361 1382 posteriore
377 1316 406 1363 et
420 1323 516 1380 magna
531 1317 609 1381 parte
630 1307 733 1372 tertiae,
749 1308 776 1364 in
792 1307 842 1365 hac
856 1310 927 1365 enirn
943 1309 1044 1366 Rhena-

87 1409 139 1448 nus
160 1389 233 1447 libro
247 1390 368 1465 Spirensi
393 1407 447 1448 non
468 1405 580 1464 magnae
600 1389 664 1448 fidet
676 1390 787 1448 nimium
803 1391 907 1449 tribuit.
941 1391 978 1450 ht
992 1391 1046 1448 illis

87 1481 178 1532 antem
192 1473 329 1532 codicibus
344 1473 428 1530 multa
442 1476 618 1532 emendarunt
633 1483 659 1530 et
671 1475 699 1530 in
712 1475 886 1534 adnotatione
898 1476 1045 1552 praemissa

86 1559 256 1623 indicarunt3
278 1557 483 1630 chronologiam
505 1551 688 1631 Glareani²⁸⁵)
708 1558 741 1614 ab
757 1559 818 1634 Ipso
835 1561 1000 1634 recognitam
1017 1571 1045 1617 et

86 1651 193 1700 auctam
220 1641 317 1698 iterum
338 1641 505 1700 addiderunt.
550 1643 603 1698 Per
625 1649 734 1699 centurn
757 1643 852 1700 deinde
871 1661 955 1700 annos
977 1643 1044 1700 nibil

87 1737 253 1801 magnopere
278 1724 378 1784 iactum
403 1733 458 1789 est,
475 1742 530 1799 quo
546 1742 615 1801 quae
630 1725 671 1781 illi
692 1725 741 1782 viri
761 1726 917 1800 inceperant
936 1743 1033 1801 pronao

87 1817 225 1867 serentur.
240 1807 304 1866 llam
313 1809 391 1882 pauci
403 1807 509 1866 codices
522 1809 624 1883 reperti
638 1825 726 1883 neque
738 1809 805 1866 satis
816 1810 962 1884 diligenter
973 1827 1045 1868 com·

87 1893 177 1968 parati
192 1900 257 1950 suut
270 1901 317 1950 aut
331 1891 514 1952 deterioribus
533 1893 594 1968 plus
609 1894 682 1950 iusto
698 1901 741 1950 est
757 1893 858 1950 datum.
888 1893 933 1950 Sic
948 1894 975 1949 in
990 1894 1044 1949 edi·

88 1976 211 2035 tionibus
232 1976 430 2034 Basileensibus
453 1975 590 2050 llerwagii
615 1985 642 2032 et
667 1976 796 2033 Parisinis
821 1975 965 2034 Vascosani
991 1993 1044 2033 non

87 2060 172 2118 multa
194 2069 259 2118 sunt
279 2068 391 2124 novata.
417 2058 846 2140 donecvdacliusCurioa.1549
866 2059 1043 2116 basileensem

86 2137 250 2216 sextam²⁸⁶l
264 2144 395 2208 coniecit,
415 2143 444 2200 in
463 2160 516 2217 qua
531 2161 561 2202 se
577 2143 679 2200 bivium
697 2160 758 2202 eum
773 2143 910 2203 vetorilrus
924 2152 952 2204 et
967 2146 1047 2202 notis

87 2228 195 2302 aliquot
216 2226 412 2303 exemplaribus
428 2226 577 2286 contulisse
592 2237 619 2285 et
634 2227 666 2284 ad
681 2227 796 2286 ducenta
812 2229 872 2287 loca
888 2229 1045 2286 emendasse

86 2311 219 2376 affirmat,
240 2320 268 2370 et
288 2313 316 2371 in
330 2312 449 2369 editione
467 2305 698 2386 Lugdunensi²⁸⁷l
718 2330 743 2370 a.
762 2321 828 2372 1553
843 2313 1043 2370 emendationes

87 2413 188 2470 paucae
207 2413 239 2454 ex
252 2395 352 2453 Theoti.
372 2393 477 2452 llorelli
491 2395 581 2454 codice
596 2392 701 2452 additae
723 2403 780 2454 tum
795 2395 919 2453 Saxonici
940 2395 1043 2453 soboba

86 2478 195 2553 vulgata
216 2487 287 2538 suut.
316 2478 369 2536 llas
387 2478 523 2552 excipiunt
542 2477 653 2536 Aldinae
676 2479 808 2535 editiones
827 2485 1042 2540 ιι.1555,1556.

86 2580 155 2636 quas
172 2563 311 2620 adornavit
324 2561 438 2620 Gorolus
453 2561 595 2636 Sigonius,
611 2563 657 2636 qui
676 2569 707 2618 ut
729 2559 839 2618 scholiis
854 2569 884 2619 et
896 2559 1042 2620 chronolo-

85 2647 131 2720 gia
142 2640 196 2720 288)
213 2647 315 2704 adiecta
329 2645 397 2704 bene
409 2646 443 2702 de
456 2645 530 2702 Livio
545 2641 653 2708 meruit,
667 2645 706 2702 ita
718 2644 746 2702 in
760 2651 835 2701 textu
850 2642 1041 2705 constituendo

86 2730 259 2802 interpolatis
271 2729 410 2788 codicibus
422 2727 533 2788 ninnium
543 2727 660 2786 confisus
671 2745 751 2802 saepe
765 2721 931 2803 errarit²⁸⁹).
948 2728 1041 2802 Neque

153 2891 213 2954 284)
232 2895 349 2946 llraleab.
363 2894 407 2950 XV.
423 2892 444 2950 l,
462 2894 498 2944 tv
510 2909 575 2964 sqq.;
588 2885 720 2950 ¹blichelslni
732 2895 748 2944 l.
758 2895 773 2947 l.
788 2909 811 2960 p.
823 2891 840 2943 8
852 2909 887 2958 aq.
921 2893 1039 2957 llrepssig.

86 2961 127 3010 lib.
140 2959 235 3010 xxxin
251 2976 274 3025 p.
287 2961 365 3012 llliVl.

153 3024 214 3088 285)
232 3027 349 3077 llrslreob.
362 3027 378 3076 l.
392 3029 408 3077 l.
423 3025 498 3076 lllll.

152 3089 214 3154 286)
234 3093 285 3143 Vld.
298 3093 412 3155 Ostentag.
425 3096 440 3142 l.
454 3094 470 3143 l.
483 3108 506 3156 p.
519 3090 561 3146 86.

152 3155 214 3222 287)
233 3160 349 3210 llrahenb.
363 3162 379 3211 l.
391 3162 407 3210 l.
421 3175 444 3224 p.
457 3157 515 3210 645.

152 3223 213 3288 288)
232 3227 328 3277 Nobiles
344 3242 401 3290 quas
419 3227 449 3276 de
465 3241 492 3275 ea
510 3240 563 3276 cum
579 3228 694 3277 Glareano
711 3234 731 3275 c·
749 3225 882 3276 llobortsllo
894 3225 977 3276 habuit
988 3225 1041 3276 lites

86 3295 193 3357 erpcsrrit
210 3293 328 3344 llralrenb.
346 3309 369 3358 p.
387 3293 467 3344 txxb
479 3307 529 3356 sq..
547 3293 768 3356 chronologiamqne
785 3291 875 3352 Sigooii
899 3299 921 3341 ct
944 3292 1039 3349 liberos,

86 3362 125 3423 ‘Ii
142 3358 415 3489 ‘attttt'bllnb
429 3357 637 3491 Ῑξῧιῖἷῗιῖῗῗθ
648 3357 766 3476 {officiii
777 3359 1038 3476 iii3l⁸l⁶⁰sb⁰bill

87 3495 231 3558 inhocadmi.
245 3496 312 3544 llom.
326 3496 414 3559 praci.;
427 3494 561 3545 blscbsislri
573 3495 588 3544 l.
603 3495 618 3543 l.
631 3509 654 3556 p.
669 3491 693 3542 8.
854 3559 885 3615 μ
