2534 3956
282 213 378 254 111111
395 212 437 254 11.
463 209 534 253 car.
550 202 618 258 11.
643 190 894 276 [1.0.189(388)]
1003 201 1065 264 315

115 361 218 441 vigiliis
236 357 423 430 vulneribus,
448 376 523 437 quae
542 377 660 438 semper
680 359 801 422 eosdem
822 359 985 438 urgebant,
1009 380 1066 441 per

113 446 280 526 pactionem
304 441 380 504 urbe
405 442 539 504 hostibus
564 443 671 504 tradita
697 443 820 505 inermis
846 461 915 505 cum
940 445 1065 524 singulis

114 530 220 592 1111111
236 526 414 588 vestimentis
427 525 590 588 miserabili
605 527 721 604 agmine
733 532 857 605 penates
871 526 1064 608 relinqueret,

113 611 240 674 1111111
256 608 622 688 temporetlamilluscum
640 611 772 672 exercitu
784 609 917 672 Romano
937 613 1064 674 interve·
1081 623 1100 672 1

112 695 165 756 nit
193 695 242 754 cui
253 711 320 754 cum
332 711 364 754 se
378 691 591 770 maestaturba
606 694 642 755 ad
655 694 747 773 pedes
760 692 968 772 provolvisset,
982 695 1065 774 prin-

113 779 270 856 cipumque
286 777 450 838 orationem
472 777 646 852 necessitate
661 776 763 839 ultima
794 795 963 857 expressam
978 779 1066 841 lictus

111 859 270 923 mulierum
292 877 334 920 ac.
342 876 520 940 puerorum,
541 861 593 938 qui
616 859 695 922 exilii
718 861 841 922 comites
859 860 1065 932 trahebantur,

112 944 289 1024 excepisset,
308 961 433 1022 parcere
455 943 591 1004 lamentis
609 943 745 1006 Sutrinos
760 945 859 1007 iussit:
885 945 1019 1008 Etruscis
1033 965 1065 1007 se

111 1026 225 1088 luctum
239 1025 435 1106 lacrimasque
448 1027 538 1089 terre.
568 1028 699 1088 sarcinas
710 1027 779 1090 inde
794 1027 903 1107 deponi
914 1029 1065 1091 Sutrinos·
1081 1039 1100 1092 1

111 1127 169 1189 que
182 1109 226 1171 ibi
250 1109 405 1172 considere
428 1109 545 1170 modico
560 1109 707 1187 praesidio
724 1107 846 1181 relicto,
868 1129 951 1173 arma
964 1129 1067 1175 secum

110 1193 234 1254 militem
257 1193 338 1255 terre
359 1191 451 1254 iubet.
488 1193 528 1252 ita
548 1192 684 1270 expedito
704 1193 837 1255 exercitu
856 1194 1007 1272 proiectus
1029 1193 1067 1255 ad

110 1276 254 1346 Sutrium,
267 1273 948 1353 1111111111111111,1111111111111111)111,11111,
960 1295 1066 1339 secun·

109 1359 156 1420 dis
171 1359 296 1428 invenit,
314 1357 427 1420 nullam
440 1359 596 1421 stationem
609 1364 678 1421 ante
689 1359 822 1430 moenia,
846 1365 981 1438 patentes
995 1377 1066 1438 por·

110 1449 165 1513 tas,
177 1442 319 1503 victorem
330 1459 435 1520 vagum
448 1441 590 1522 praedem
600 1461 636 1504 11
646 1442 775 1504 hostium
785 1444 871 1504 tectis
884 1451 1065 1522 egerentem.

109 1528 219 1588 iterum
232 1526 322 1604 igitur
339 1525 444 1588 eodem
458 1526 505 1588 die
519 1526 652 1588 Sutrium
663 1527 793 1606 capitum
811 1529 937 1589 victores
948 1527 1066 1588 Etrusci
1082 1532 1101 1585 1

107 1610 222 1688 ‘passim
240 1609 424 1671 trucidantur
441 1608 478 1671 ab
494 1627 569 1671 novo
584 1609 685 1681 hoste,
707 1625 804 1689 neque
820 1629 853 1672 11
867 1609 1066 1688 conglobandi

110 1692 296 1772 coeundique
320 1694 352 1753 in
375 1705 468 1755 unum
490 1700 540 1754 aut
562 1711 642 1754 arma
662 1692 800 1771 capiundi
820 1691 907 1753 datur
929 1694 1063 1771 spatium.

110 1793 179 1837 cum
192 1793 248 1855 pro
262 1794 295 1838 se
315 1777 440 1854 quisque
456 1776 613 1837 tenderent
629 1775 665 1836 ad
682 1781 798 1854 portas,
821 1776 848 1838 si
867 1793 925 1854 qua
939 1777 1016 1838 iorte
1032 1795 1065 1838 sc
1082 1791 1099 1841 ’1

109 1860 142 1918 in
152 1874 240 1936 agros
250 1857 347 1920 eicere
362 1865 493 1939 possent,
509 1857 623 1923 clausas
640 1893 675 1904 —
695 1857 725 1920 id
738 1860 817 1921 enirn
831 1861 962 1938 primum
973 1860 1065 1921 dicta·

109 1942 361 2020 torimperarerat
374 1949 524 2020 -portas
535 1943 695 2004 inveniunt.
713 1942 783 2003 inde
794 1941 844 2004 alii
855 1960 937 2006 arma
947 1960 1064 2022 capere,
1082 1957 1101 2009 8

110 2023 174 2094 alii,
191 2041 266 2103 quos
279 2025 355 2086 torte
370 2031 498 2087 armatos
515 2025 659 2088 tumultus
673 2032 885 2105 occupaverat,
901 2044 1065 2088 convocare

109 2125 180 2169 suos
193 2114 227 2168 ut
240 2105 388 2186 proelium
401 2109 520 2172 inirent
547 2109 626 2188 quod
637 2127 795 2170 accensum
805 2109 842 2170 11)
858 2109 1065 2189 desperatione

109 2191 240 2252 hostium
258 2191 376 2262 11111111,
404 2193 437 2252 ni
454 2210 619 2272 praecones
645 2211 700 2276 per
727 2191 832 2253 urbem
857 2193 969 2254 dimissi
995 2193 1065 2272 poni

110 2293 192 2337 arma
204 2281 234 2337 et
244 2276 327 2354 parci
335 2276 443 2336 inermi
453 2277 615 2345 iussissent,
627 2293 683 2336 nec
694 2281 813 2354 praeter
822 2282 951 2336 armatos
963 2293 1065 2354 quem·
1141 2273 1147 2278 ’

110 2377 198 2438 quam
214 2358 325 2419 violari.
357 2367 421 2420 tum
444 2361 532 2421 etiam
549 2358 656 2437 quibus
670 2359 761 2418 enimi
780 2359 812 2418 in
826 2377 880 2436 spe
895 2359 997 2421 ultima
1012 2358 1102 2420 ob·e

108 2443 211 2504 stinati
226 2443 263 2504 ad
274 2441 485 2505 decertandum
499 2442 632 2511 tuerent,
651 2445 808 2519 postquam
824 2439 890 2501 data
907 2459 975 2519 spes
989 2444 1066 2502 vitae

111 2531 171 2594 est,
191 2526 301 2584 1111111
321 2525 431 2602 passim
450 2541 547 2594 arma,
568 2525 771 2601 inermesque,
793 2524 872 2601 quod
889 2525 981 2586 tutius
1004 2524 1065 2584 111-

109 2617 181 2668 tuna
192 2606 321 2677 1111111,
338 2625 371 2669 11
385 2606 464 2668 hosti
478 2607 596 2668 oiierre.
626 2623 733 2684 magna
748 2605 905 2668 multitudo
919 2607 951 2666 in
966 2613 1065 2670 custo·
1084 2613 1119 2665 11

110 2690 173 2751 dios
195 2690 302 2759 divisa;
326 2689 468 2769 oppidum
485 2696 552 2751 ante
572 2697 690 2750 noctem
708 2689 857 2751 redditum
872 2689 1000 2752 Sutrinis
1020 2692 1065 2749 in·

109 2772 249 2834 violatum
270 2773 478 2852 integrumque
500 2772 537 2833 ab
552 2772 634 2834 omni
652 2768 735 2834 clade
757 2770 842 2844 belli,
866 2774 934 2851 quia
957 2791 1018 2836 non
1038 2773 1066 2832 ri

110 2863 229 2936 captum
246 2857 297 2918 scd
312 2856 452 2918 uaditum
467 2874 523 2936 per
537 2856 726 2919 condiciones
742 2855 846 2918 iuerat.

172 2941 218 3002 iv.
249 2939 387 3002 Camillus
401 2941 434 3001 in
448 2939 554 3002 urbem
569 2940 755 3021 triumphans
768 2939 858 3002 rediit
868 2942 958 3003 trium
975 2937 1063 3001 simul
1082 2944 1097 2995 1

108 3022 259 3087 bellorum
285 3025 388 3086 victor.
428 3022 516 3102 longe
544 3023 689 3102 plurimos
717 3024 848 3103 captivos
873 3042 909 3087 11
930 3021 1098 3086 Etruscis2

105 3111 178 3170 'ante
193 3123 315 3168 currum
331 3107 429 3178 duxit,
452 3106 559 3185 quibus
580 3105 634 3168 suh
650 3106 733 3168 hesta
755 3106 929 3169 venundatis
949 3110 1061 3167 tantum

97 3187 187 3253 'aeris
207 3190 360 3252 redactum
381 3196 439 3260 est,
461 3196 495 3252 ut
506 3191 602 3269 pretio
623 3207 679 3269 pro
702 3208 775 3252 auro
797 3191 940 3252 matronis
959 3206 1062 3268 perso·
1080 3193 1098 3246 1

108 3272 171 3335 luto
187 3293 223 3336 11
239 3290 274 3335 11
292 3273 371 3352 quod
385 3279 543 3354 supererat
555 3281 616 3336 tres
629 3280 748 3353 paterae
761 3289 868 3336 aureae
883 3274 977 3336 factae
992 3273 1061 3342 sint,

110 3373 182 3434 quas
193 3374 261 3420 curn
274 3356 360 3419 titulo
375 3359 502 3420 nominis
516 3356 628 3420 Camilli
643 3363 710 3419 ante
722 3356 896 3436 Capitolium
907 3358 1063 3420 incensum

118 3444 150 3503 in
159 3439 234 3502 loris
248 3440 323 3505 cella
341 3447 455 3504 constat
472 3445 539 3504 ante
552 3441 642 3522 pedes
655 3440 776 3503 lunonis
789 3443 900 3522 positas
917 3442 1018 3503 tuisse.
