2580 3954
213 215 277 277 202
362 226 458 267 nenne
476 225 520 267 tv.
551 224 621 266 cae.
637 219 663 269 5.
677 215 704 269 6.
731 205 771 286 [a.
788 225 818 264 u.
838 226 864 265 c.
881 215 942 269 309.
958 203 1021 281 310]

177 380 328 438 aanimos
348 383 461 437 vestros
485 373 528 434 illi
551 371 736 450 temptabunt
757 391 890 450 semper,
914 374 990 432 uires
1004 391 1065 434 non
1083 392 1173 452 expe·

178 469 196 518 5
214 463 338 520 rientur.
364 461 462 538 itaque
475 459 510 518 ad
524 456 603 518 bella
617 459 689 526 ista,
705 455 843 516 seulalsa
854 475 907 517 seu
921 473 990 516 vera
1000 465 1083 527 sunt,
1100 476 1171 518 con·
1271 487 1272 490 ¹

213 542 308 612 sules,
332 552 434 621 parata
450 541 533 602 robis
548 540 652 619 plebes
668 548 727 609 est,
750 540 776 600 si
792 539 927 600 conubiis
941 540 1066 602 redditis
1083 559 1175 602 unam

212 627 290 688 banc
303 629 448 688 ciuitatem
460 624 578 686 tandem
587 625 691 694 facitis,
703 624 730 685 si
741 622 923 693 coalescere,
936 625 962 684 si
972 625 1055 702 iungi
1065 626 1174 686 misce·

212 713 299 789 rique
316 709 398 771 vobis
414 711 536 789 privatis
550 706 819 770 necessitudinibus
839 715 979 786 possunt,
1001 709 1028 770 si
1047 727 1130 788 spes,
1148 711 1174 770 si

213 795 310 856 aditus
334 795 370 854 ad
391 794 522 854 bonores
539 784 611 852 viris*
628 793 759 853 strenuis
780 799 810 852 et
827 791 955 852 fortibus
973 792 1074 862 datur,
1097 794 1173 854 siin
1271 785 1272 806 ²

213 879 379 947 corrsortio,
400 879 426 937 si
446 878 477 936 in
491 878 634 937 societate
657 877 702 936 rei
716 874 853 953 publicae
868 895 947 945 esse,
970 878 1010 945 si,
1025 877 1106 956 quod
1123 895 1174 937 ae·

214 981 289 1042 quae
303 960 449 1022 libertatis
466 969 524 1030 ost,
545 961 576 1019 in
593 961 688 1020 ricem
706 961 812 1020 annuis
827 958 1048 1036 magistratibus
1065 977 1174 1038 parere

176 1057 197 1108 o
214 1053 302 1125 atque
316 1046 487 1124 imperitare
498 1043 576 1105 licet.
606 1043 718 1104 sihaec
732 1044 867 1122 inpediet
878 1043 1000 1121 aliquis,
1017 1044 1093 1104 ierte
1108 1063 1174 1104 ser·

212 1129 352 1191 monibus
370 1137 398 1190 et
412 1127 605 1206 multiplicate
624 1128 702 1188 lama
718 1125 812 1187 bella:
833 1145 921 1188 nemo
937 1135 982 1186 ost
997 1145 1107 1188 nomen
1121 1127 1173 1187 da·
1271 1177 1272 1202 2

212 1222 311 1284 turus,
327 1231 416 1275 nemo
427 1231 509 1272 arma
523 1218 679 1290 capturus,
696 1229 783 1272 nemo
795 1211 989 1271 dimicaturus
1000 1229 1055 1289 pro
1066 1229 1172 1290 super·
1271 1255 1272 1260 η

212 1297 260 1360 bis
278 1298 418 1367 dominis,
439 1314 507 1356 cum
522 1295 630 1374 quibus
647 1313 703 1356 nec
718 1297 749 1354 in
766 1313 802 1356 re
815 1293 934 1374 publica
946 1294 1094 1356 bonorum
1116 1313 1173 1356 nee

213 1383 244 1441 in
259 1383 372 1459 privata
390 1379 509 1440 conubii
526 1381 650 1441 societas
669 1387 743 1440 est.“

182 1481 196 1530 1
276 1464 322 1524 Vl.
355 1465 427 1526 Cum
450 1465 482 1524 in
505 1466 674 1526 contionem
694 1470 724 1526 et
745 1461 883 1524 consules
904 1465 1121 1542 processissent
1143 1473 1173 1523 ct

214 1567 264 1610 res
280 1565 297 1608 a
311 1548 662 1626 perpetuis-orationibus
682 1550 712 1610 in
728 1546 951 1610 altercationem
961 1548 1110 1616 vertisset,
1126 1549 1171 1608 in·

112 1677 116 1684 .
214 1633 377 1710 terroganti
390 1631 528 1702 tribum,
542 1650 596 1692 cur
606 1630 756 1710 plebeium
771 1630 924 1693 consulem
935 1631 1000 1693 lieri
1010 1649 1071 1692 non
1083 1648 1171 1710 opor·

177 1728 197 1776 2
214 1723 307 1785 teret,
323 1723 356 1776 ut
367 1716 491 1777 sortasse
506 1734 590 1786 vore,
606 1717 650 1776 sic
666 1734 771 1794 parum
783 1715 936 1776 utiliterin
950 1731 1093 1794 praesens
1105 1733 1171 1776 cer·
1271 1739 1272 1776 r

213 1809 315 1861 tamen
333 1798 501 1877 respondit,
523 1799 603 1876 quod
623 1817 712 1860 nemo
728 1798 861 1882 plebeius
881 1801 1014 1878 auspicia
1037 1797 1170 1866 baberet,

168 1894 170 1897 ’
213 1885 341 1962 ideoque
356 1883 538 1944 decemviros
549 1882 711 1943 conubium
723 1883 892 1952 diremisse,
909 1902 948 1944 ne
959 1886 1075 1945 incerta
1086 1881 1171 1961 prole

178 1987 197 2038 3
214 1969 346 2047 auspicia
362 1965 564 2028 turbarentur.
598 1965 701 2044 plebes
721 1966 757 2026 ad
774 1966 804 2026 id
819 1969 946 2028 maxime
967 1967 1171 2045 indignatione

214 2053 337 2121 exarsit,
360 2049 439 2129 quod
453 2051 603 2130 auspicari
618 2058 769 2126 tamquam
783 2051 868 2110 morsi
886 2051 942 2111 diis
963 2049 1169 2111 inmortalibus
1271 2103 1272 2118 ,

212 2144 395 2213 negarentur
409 2152 506 2213 posse.
539 2151 594 2196 neo
611 2143 678 2194 ante
691 2133 759 2194 finis
773 2135 995 2193 contentionum
1011 2135 1081 2204 luit,
1103 2151 1171 2194 curn

214 2230 244 2282 et
258 2218 411 2278 tribunum
429 2219 607 2279 acerrimum
622 2211 775 2278 auct'orern
796 2215 899 2295 plebes
921 2226 1007 2277 nacta
1024 2227 1115 2286 esset,
1142 2237 1170 2278 er

214 2306 276 2382 ipsa
292 2319 360 2362 cum
372 2320 407 2362 oo
418 2303 582 2380 pertinacia
599 2310 743 2372 certaret,
760 2319 849 2380 quam
859 2302 928 2361 victi
939 2300 1056 2362 tandem
1071 2309 1171 2379 patres

175 2407 195 2453 4
215 2396 247 2447 ut
261 2397 297 2448 de
313 2385 442 2458 conubio
457 2386 588 2448 ferretur
604 2404 799 2456 consensere,
824 2385 864 2444 ita
882 2386 1010 2446 maxime
1026 2385 1085 2445 rati
1099 2402 1170 2445 con·

213 2471 377 2532 tentionem
396 2470 433 2532 de
453 2469 568 2550 plebeis
590 2469 762 2532 consudibus
783 2468 919 2530 tribunos
939 2478 990 2530 aut
1011 2475 1103 2528 totam
1119 2467 1170 2529 de-

213 2554 363 2632 posituros
385 2560 436 2614 aut
455 2562 524 2634 post
542 2554 654 2616 bellum
674 2553 817 2614 dilaturos
839 2572 919 2623 esse,
944 2559 1171 2630 contentamque

176 2638 334 2698 ainterim
349 2637 477 2698 conubio
500 2638 620 2717 plebem
640 2644 773 2717 paratam
790 2637 912 2698 dilectui
930 2637 1004 2698 iore.
1034 2653 1101 2696 cum
1117 2635 1172 2698 Ca·

213 2722 330 2784 nuIeius
346 2722 519 2784 neroniade
534 2722 667 2801 patribus
689 2732 719 2782 et
738 2720 835 2800 plebis
850 2723 950 2782 lavore
964 2724 1068 2798 ingens
1084 2730 1169 2790 esset,

214 2807 331 2867 accensi
343 2803 393 2865 alii
407 2805 518 2866 tribuni
533 2807 569 2866 ad
584 2814 736 2866 certamen
753 2823 808 2884 pro
824 2807 980 2883 rogatione
993 2822 1171 2876 suasumma

213 2890 241 2950 n·
258 2896 406 2968 pugnant,
423 2895 453 2950 et
467 2896 620 2950 crescente
635 2888 740 2950 indies
754 2889 832 2950 sarna
846 2887 917 2950 belli
931 2888 1071 2950 dilectum
1086 2889 1170 2966 inpe-

179 2983 196 3034 o
214 2973 306 3034 diunt.
341 2970 492 3043 consules,
511 2991 579 3032 curn
592 2991 649 3051 per
663 2982 798 3034 senatum
812 2971 1066 3034 intercedentibus
1077 2971 1170 3032 tribu·

213 3059 259 3118 nis
279 3055 353 3116 nibil
373 3058 420 3134 agi
441 3063 556 3135 posset,
580 3055 704 3118 consilia
725 3058 895 3135 principum
910 3057 991 3118 dorni
1011 3055 1169 3119 habebant.
1271 3083 1272 3138 γ

214 3139 376 3220 apparebat
396 3147 447 3201 aut
458 3139 594 3203 hostibus
614 3151 664 3201 aut
681 3139 794 3202 ciu‘bus
812 3141 849 3202 de
865 3142 988 3201 statoria
1005 3141 1170 3201 conceden-

180 3224 283 3284 tdmo
306 3244 379 3287 esse.
410 3223 465 3286 soli
489 3245 524 3287 er
546 3223 753 3287 consularibus
767 3223 901 3289 Valerius
922 3231 1010 3302 atquc
1033 3223 1171 3284 lloratius

213 3325 274 3367 uon
291 3310 454 3370 intererant
472 3309 612 3370 consiliis.
647 3310 678 3371 C.
692 3307 795 3370 Claudi
811 3309 957 3370 sententia
971 3305 1109 3367 consules
1124 3325 1170 3366 ar·

212 3389 313 3452 mahat
331 3395 361 3450 in
381 3390 533 3456 tribunos:
554 3389 774 3464 Quinetioium,
797 3391 1022 3468 Cincinnatique
1042 3396 1073 3451 et
1086 3390 1170 3467 Capi-

212 3472 314 3544 tolini,
329 3475 490 3536 sentcntiae
505 3473 709 3537 abhorrebant
723 3476 843 3538 aceede
863 3475 1082 3554 violandisque,
1097 3491 1171 3552 ques
