2534 3956
291 205 387 248 crena
402 205 433 248 r.
458 203 529 250 oar.
546 196 589 250 to·
602 195 647 249 41.
672 183 711 267 [a.
728 184 763 247 0.
779 183 842 266 390]
984 187 1049 250 29⁷

92 355 125 416 in
138 361 216 414 tanta
231 354 331 433 inopia
346 353 488 414 frumenti
505 358 637 431 poterat,
654 371 690 413 ex
705 351 779 414 tube
797 352 886 414 eliusa
904 351 981 414 velut
996 368 1047 430 ag·

93 440 173 498 mine
188 438 246 498 iam
264 455 323 496 uno
338 436 423 514 petiit
441 435 614 496 lanIculrma.
642 435 712 498 inde
730 454 801 514 pars
823 454 878 515 per
895 453 982 512 agros
1003 436 1047 496 di·
1064 438 1085 490 ο

93 520 181 599 lapsi,
197 538 267 598 pars
277 519 369 582 urbes
381 525 486 598 petunt
499 519 654 590 finitimas,
669 521 732 581 sine
748 518 808 580 ullo
824 520 901 581 duce
911 525 962 580 ant
976 536 1047 579 con·

93 621 197 673 sensu,
218 621 302 664 suam
319 604 442 681 quisque
458 621 555 681 spem,
573 621 626 664 sua
640 603 761 665 consilia
776 602 983 664 communibus
997 602 1048 662 de·

92 686 216 766 ploratis
235 693 438 765 exsequentes.
468 686 576 750 flamen
591 687 711 748 interim
725 684 884 756 Quirinalis
904 687 1083 764 virgines-'t

93 788 151 848 que
169 768 300 832 Vestales
317 771 424 832 omissa
438 785 541 832 rerum
555 787 676 832 suarum
697 788 783 841 cura,
803 787 879 848 quae
893 787 1049 832 sacrorum

92 871 194 914 secum
207 853 345 924 terenda,
366 870 456 932 quae,
480 854 549 932 qula
570 855 648 915 uires
671 854 708 914 ad
731 855 829 915 omnia
851 853 974 916 terenda
997 853 1048 914 de·

93 944 192 1008 erant,
214 936 409 1015 relinquenda
429 943 528 1000 essent
548 937 763 1008 consultantes,
786 938 887 1017 quisve
910 957 944 1000 ea
964 936 1085 1001 locustt

91 1020 171 1082 fideli
187 1021 393 1082 adservaturus
416 1020 549 1084 custodia
564 1028 657 1092 esset,
681 1023 825 1099 optimum
845 1023 958 1083 ducunt
977 1037 1047 1082 con·

92 1103 151 1166 dita
165 1106 196 1164 in
214 1103 329 1164 doliolis
345 1102 454 1182 sacello
470 1105 606 1180 proximo
627 1103 750 1165 aedibus
770 1104 897 1166 flaminis
913 1102 1048 1172 Quirina-

91 1187 144 1256 lis,
164 1187 215 1247 ubi
231 1204 311 1246 nunc
326 1187 431 1263 despui
446 1185 551 1264 religio
566 1193 624 1255 est,
641 1186 797 1255 defodere;
814 1196 911 1248 cetera
925 1189 1002 1249 inter
1016 1205 1051 1248 se

91 1287 184 1330 onere
198 1272 307 1348 partito
321 1269 423 1330 serunt
438 1271 498 1338 ria,
520 1287 595 1348 quae
611 1269 735 1330 sublicio
752 1277 842 1348 ponte
857 1271 938 1331 ducit
953 1271 989 1331 ad
1003 1271 1048 1330 la·

90 1351 232 1414 niculum.
263 1355 294 1412 in
317 1371 353 1414 eo
374 1352 448 1414 clivo
471 1372 521 1414 eas
539 1371 609 1414 curn
632 1353 664 1414 L.
680 1352 815 1414 Albinius
831 1354 868 1414 de
887 1353 974 1432 plebe
990 1354 1086 1415 lio-o

91 1454 178 1499 mana
203 1435 292 1498 homo
321 1438 524 1516 conspexisset
549 1436 680 1515 plaustro
709 1439 863 1514 coniugem
886 1456 920 1498 ac
938 1436 1049 1499 liberos

90 1518 203 1582 habens
225 1522 302 1581 inter
322 1524 452 1581 ceteram
471 1519 604 1590 turbam,
629 1538 704 1597 quae
731 1520 844 1582 inutilis
868 1519 948 1582 bello
972 1519 1048 1584 urbe

92 1601 268 1673 excedebat,
288 1601 369 1665 salvo
390 1605 551 1666 etiamtum
566 1605 736 1666 discrimine
757 1604 922 1666 munerum
943 1604 1047 1666 huma·
1067 1607 1221 1674 mmm

92 1705 257 1766 uarumque
271 1705 390 1758 rerum,
411 1686 616 1765 inreligiosum
630 1693 713 1748 ratus
727 1688 896 1749 sacerdotes
912 1684 1048 1765 publicos

91 1789 234 1848 sacraque
249 1769 352 1849 populi
365 1769 491 1832 Romani
508 1769 635 1848 pedibus
648 1771 694 1832 ire
708 1770 857 1850 ferrique,
879 1789 911 1831 se
926 1788 961 1830 ac
978 1787 1048 1831 suos

91 1855 122 1912 in
137 1852 272 1916 vehiculo
284 1854 434 1931 conspici,
450 1853 631 1916 descendere
645 1871 769 1915 uxorem
780 1872 815 1914 ac
828 1871 938 1931 pueros
953 1854 1047 1922 iussit,

91 1937 220 2013 uirgines
240 1953 383 2014 sacraque
406 1937 438 1995 in
459 1936 626 2014 plaustrum
654 1937 785 2015 inposuit
806 1943 834 1998 et
856 1937 962 2006 Caere,
990 1954 1048 2014 quo

91 2021 149 2082 iter
165 2018 370 2080 sacerdotibus
383 2028 460 2088 erat,
477 2021 618 2097 pervexit

153 2101 225 2162 XLl.
251 2102 362 2163 Romae
377 2103 496 2164 interim
517 2104 588 2164 satis
607 2104 666 2162 iam
688 2102 825 2164 omnibus
845 2112 878 2163 ut
898 2104 930 2163 in
947 2101 999 2164 tali
1015 2116 1081 2165 ret

92 2186 129 2247 ad
149 2187 289 2248 tuendam
305 2202 405 2248 arcem
422 2187 592 2266 compositis
606 2184 694 2246 turba
709 2187 862 2247 seniorum
882 2187 984 2248 domos
999 2205 1047 2248 re·

91 2288 193 2347 gressa
215 2270 372 2331 adventurn
386 2268 517 2330 hostiurn
531 2268 678 2332 obstinato
693 2269 730 2329 ad
744 2277 870 2332 mortem
885 2271 984 2332 animo
999 2288 1048 2330 ex·

90 2352 236 2432 pectebat
276 2355 327 2431 qui
351 2370 455 2414 eorum
476 2351 595 2415 curules
614 2361 768 2430 gesserant
790 2354 996 2430 magistratus,
1017 2360 1049 2414 ut
1066 2361 1085 2410 a

92 2438 124 2497 in
139 2436 277 2498 fortunae
298 2437 443 2516 pristinae
459 2435 669 2511 honorumque
684 2442 734 2495 aut
749 2437 864 2495 virtutis
883 2435 1049 2512 insignibus

93 2526 297 2587 morerentur,
320 2537 396 2596 quae
413 2519 619 2595 augustissima
637 2519 726 2579 vestis
743 2524 787 2579 est
800 2523 899 2579 tensas
915 2518 1048 2579 ducenti·

1 2633 2 2682 3
91 2601 148 2663 bus
163 2599 464 2679 triumphantibusue,
488 2619 522 2662 ea
536 2603 633 2662 vestiti
655 2601 753 2660 medio
771 2601 888 2662 aedium
908 2600 1048 2663 eburneis

1 2689 2 2726 ³
92 2684 173 2748 sellis
187 2685 301 2746 sedere.
333 2690 403 2745 sunt
423 2685 473 2762 qui
490 2683 528 2744 M.
544 2683 636 2744 Fabio
656 2684 795 2761 pontifico
815 2687 943 2744 maximo
961 2696 1083 2763 prae-a

1 2765 2 2780 ³
91 2770 172 2830 laute
192 2785 312 2830 carmen
334 2768 484 2829 devovisse
503 2786 554 2830 eos
579 2787 611 2828 se
630 2785 687 2845 pro
709 2769 805 2845 patria
827 2765 1048 2845 Quiritibusque

91 2853 232 2914 Romanis
252 2850 377 2914 undant.
409 2847 500 2922 Galli,
522 2859 551 2912 et
567 2851 635 2930 quia
653 2851 827 2930 interposita
843 2859 930 2912 nocte
945 2871 962 2912 a
978 2869 1047 2911 con·
1065 2863 1083 2909 4

92 2937 224 2998 tentione
244 2953 361 3014 pugnae
377 2935 556 2996 remiserant
576 2935 690 2996 animos
708 2942 738 2995 ot
757 2935 836 3013 quod
858 2952 914 2996 neo
934 2936 964 2994 in
985 2935 1049 2994 acie

93 3020 215 3098 ancipiti
234 3035 360 3097 usquam
381 3023 565 3080 certaverant
582 3017 696 3096 proelio
718 3036 775 3079 nec
787 3026 850 3078 tum
865 3020 979 3096 impetu
999 3024 1049 3077 aut

1 3129 2 3132 ¹
92 3105 121 3163 vi
135 3100 290 3181 capiebant
310 3100 431 3170 urbem,
449 3103 513 3163 sine
533 3102 593 3171 ira,
616 3103 680 3162 sine
701 3101 808 3162 ardore
822 3102 989 3161 animorum
1003 3101 1048 3158 in·

93 3188 188 3266 gressi
203 3191 321 3263 postero
338 3185 385 3246 die
400 3183 505 3244 urbem
525 3190 644 3262 patente
659 3183 771 3246 Collina
787 3191 875 3262 porta
896 3185 928 3244 in
950 3183 1049 3244 iorum

92 3271 284 3350 perveniunt,
300 3267 542 3330 circumferentes
554 3267 656 3328 oculos
667 3267 704 3327 ad
715 3266 824 3346 templa
836 3267 924 3328 deum
935 3283 1048 3328 arcem-

95 3371 153 3432 que
168 3350 287 3434 [totam]
299 3350 393 3414 solam
409 3350 481 3411 belli
505 3352 635 3430 speciem
654 3356 813 3412 tenentem.
842 3351 911 3412 inde
931 3349 1086 3416 mouens

94 3434 198 3498 relicto
213 3435 377 3515 praesidio,
399 3452 437 3495 ne
453 3434 518 3512 quis
534 3435 565 3494 in
581 3434 737 3512 dissipatos
753 3430 791 3496 ex'
811 3452 880 3496 arce
898 3439 950 3494 aut
965 3433 1048 3510 Capi·
