<?xml version="1.0" encoding="UTF-8"?>
<!DOCTYPE html PUBLIC "-//W3C//DTD XHTML 1.0 Transitional//EN"
    "http://www.w3.org/TR/xhtml1/DTD/xhtml1-transitional.dtd">
<html xmlns="http://www.w3.org/1999/xhtml" xml:lang="en" lang="en">
 <head>
  <title>
</title>
<meta http-equiv="Content-Type" content="text/html;charset=utf-8" />
  <meta name='ocr-system' content='tesseract 3.04.00' />
  <meta name='ocr-capabilities' content='ocr_page ocr_carea ocr_par ocr_line ocrx_word'/>
</head>
<body>
  <div class='ocr_page' id='page_1' title='image "./aburbeconditali01rossgoog_0272.png"; bbox 0 0 2572 3956; ppageno 0'>
   <div class='ocr_carea' id='block_1_1' title="bbox 211 225 1013 308">
    <p class='ocr_par' dir='ltr' id='par_1_1' title="bbox 211 225 1013 308">
     <span class='ocr_line' id='line_1_1' title="bbox 211 225 1013 308; baseline -0.014 -9"><span class='ocrx_word' id='word_1_1' title='bbox 211 238 273 300; x_wconf 84' lang='lat'>132</span> <span class='ocrx_word' id='word_1_2' title='bbox 356 250 450 292; x_wconf 79' lang='lat' dir='ltr'>oman</span> <span class='ocrx_word' id='word_1_3' title='bbox 464 249 513 290; x_wconf 90' lang='lat'>111.</span> <span class='ocrx_word' id='word_1_4' title='bbox 545 245 615 291; x_wconf 80' lang='lat' dir='ltr'>oar.</span> <span class='ocrx_word' id='word_1_5' title='bbox 633 238 658 291; x_wconf 86' lang='grc'>6.</span> <span class='ocrx_word' id='word_1_6' title='bbox 672 235 699 290; x_wconf 83' lang='lat' dir='ltr'>i.</span> <span class='ocrx_word' id='word_1_7' title='bbox 728 225 768 308; x_wconf 85' lang='lat' dir='ltr'>[a.</span> <span class='ocrx_word' id='word_1_8' title='bbox 786 248 817 287; x_wconf 85' lang='lat' dir='ltr'>u.</span> <span class='ocrx_word' id='word_1_9' title='bbox 833 247 858 290; x_wconf 84' lang='lat' dir='ltr'>c.</span> <span class='ocrx_word' id='word_1_10' title='bbox 874 237 935 291; x_wconf 78' lang='lat'>291.</span> <span class='ocrx_word' id='word_1_11' title='bbox 950 227 1013 304; x_wconf 73' lang='lat'><strong>292]</strong></span> 
     </span>
    </p>
   </div>
   <div class='ocr_carea' id='block_1_2' title="bbox 179 390 1166 560">
    <p class='ocr_par' dir='ltr' id='par_1_2' title="bbox 179 390 1166 560">
     <span class='ocr_line' id='line_1_2' title="bbox 179 390 1166 473; baseline -0.002 -14"><span class='ocrx_word' id='word_1_12' title='bbox 179 416 195 466; x_wconf 77' lang='lat' dir='ltr'>a</span> <span class='ocrx_word' id='word_1_13' title='bbox 272 395 337 459; x_wconf 88' lang='lat' dir='ltr'>Non</span> <span class='ocrx_word' id='word_1_14' title='bbox 350 390 459 459; x_wconf 87' lang='lat' dir='ltr'>diutius</span> <span class='ocrx_word' id='word_1_15' title='bbox 475 416 507 458; x_wconf 94' lang='lat' dir='ltr'>sc</span> <span class='ocrx_word' id='word_1_16' title='bbox 522 397 552 455; x_wconf 93' lang='lat' dir='ltr'>in</span> <span class='ocrx_word' id='word_1_17' title='bbox 564 394 692 456; x_wconf 89' lang='lat' dir='ltr'>llcrnico</span> <span class='ocrx_word' id='word_1_18' title='bbox 703 393 796 454; x_wconf 88' lang='lat' dir='ltr'>hostis</span> <span class='ocrx_word' id='word_1_19' title='bbox 810 395 970 464; x_wconf 81' lang='lat' dir='ltr'>continuit,</span> <span class='ocrx_word' id='word_1_20' title='bbox 985 393 1166 473; x_wconf 82' lang='lat' dir='ltr'>pergitinde</span> 
     </span>
     <span class='ocr_line' id='line_1_3' title="bbox 210 475 1166 560; baseline -0.005 -17"><span class='ocrx_word' id='word_1_21' title='bbox 210 483 334 543; x_wconf 90' lang='lat' dir='ltr'>iulestus</span> <span class='ocrx_word' id='word_1_22' title='bbox 349 483 379 542; x_wconf 92' lang='lat' dir='ltr'>in</span> <span class='ocrx_word' id='word_1_23' title='bbox 397 499 483 560; x_wconf 81' lang='lat' dir='ltr'>agros</span> <span class='ocrx_word' id='word_1_24' title='bbox 500 479 648 541; x_wconf 84' lang='lat' dir='ltr'>llomauos</span> <span class='ocrx_word' id='word_1_25' title='bbox 665 478 753 539; x_wconf 86' lang='lat' dir='ltr'>etiam</span> <span class='ocrx_word' id='word_1_26' title='bbox 767 479 832 538; x_wconf 89' lang='lat' dir='ltr'>aine</span> <span class='ocrx_word' id='word_1_27' title='bbox 851 475 922 538; x_wconf 87' lang='lat' dir='ltr'>belli</span> <span class='ocrx_word' id='word_1_28' title='bbox 938 479 1047 538; x_wconf 86' lang='lat' dir='ltr'>iniuria</span> <span class='ocrx_word' id='word_1_29' title='bbox 1067 485 1166 538; x_wconf 83' lang='lat' dir='ltr'>vasta-</span> 
     </span>
    </p>
   </div>
   <div class='ocr_carea' id='block_1_3' title="bbox 210 560 1281 638">
    <p class='ocr_par' dir='ltr' id='par_1_3' title="bbox 210 560 1281 638">
     <span class='ocr_line' id='line_1_4' title="bbox 210 560 1281 638; baseline -0.007 -12"><span class='ocrx_word' id='word_1_30' title='bbox 210 572 265 627; x_wconf 90' lang='lat' dir='ltr'>tos.</span> <span class='ocrx_word' id='word_1_31' title='bbox 298 563 350 626; x_wconf 92' lang='lat' dir='ltr'>ubi</span> <span class='ocrx_word' id='word_1_32' title='bbox 370 582 438 626; x_wconf 91' lang='lat' dir='ltr'>cum</span> <span class='ocrx_word' id='word_1_33' title='bbox 462 562 565 623; x_wconf 87' lang='lat' dir='ltr'>obvius</span> <span class='ocrx_word' id='word_1_34' title='bbox 590 578 692 631; x_wconf 88' lang='lat' dir='ltr'>nemo,</span> <span class='ocrx_word' id='word_1_35' title='bbox 715 577 754 620; x_wconf 90' lang='lat' dir='ltr'>ne</span> <span class='ocrx_word' id='word_1_36' title='bbox 772 561 896 621; x_wconf 87' lang='lat' dir='ltr'>inermis</span> <span class='ocrx_word' id='word_1_37' title='bbox 911 561 1047 638; x_wconf 90' lang='lat' dir='ltr'>quidem,</span> <span class='ocrx_word' id='word_1_38' title='bbox 1068 560 1165 630; x_wconf 86' lang='lat' dir='ltr'>fieret,</span> <span class='ocrx_word' id='word_1_39' title='bbox 1280 611 1281 624; x_wconf 64' lang='lat'>,</span> 
     </span>
    </p>
   </div>
   <div class='ocr_carea' id='block_1_4' title="bbox 210 641 1167 810">
    <p class='ocr_par' dir='ltr' id='par_1_4' title="bbox 210 641 1167 810">
     <span class='ocr_line' id='line_1_5' title="bbox 210 641 1166 730; baseline -0.007 -19"><span class='ocrx_word' id='word_1_40' title='bbox 210 666 323 730; x_wconf 83' lang='lat' dir='ltr'><strong>perque</strong></span> <span class='ocrx_word' id='word_1_41' title='bbox 334 649 432 708; x_wconf 88' lang='lat' dir='ltr'>omnia</span> <span class='ocrx_word' id='word_1_42' title='bbox 444 664 504 709; x_wconf 90' lang='lat' dir='ltr'>non</span> <span class='ocrx_word' id='word_1_43' title='bbox 518 644 675 724; x_wconf 81' lang='lat' dir='ltr'>praesidiis</span> <span class='ocrx_word' id='word_1_44' title='bbox 687 643 774 704; x_wconf 91' lang='lat' dir='ltr'>modo</span> <span class='ocrx_word' id='word_1_45' title='bbox 787 641 905 704; x_wconf 87' lang='lat' dir='ltr'>deserta</span> <span class='ocrx_word' id='word_1_46' title='bbox 915 642 968 706; x_wconf 90' lang='lat' dir='ltr'>sed</span> <span class='ocrx_word' id='word_1_47' title='bbox 979 645 1068 706; x_wconf 88' lang='lat' dir='ltr'>etiam</span> <span class='ocrx_word' id='word_1_48' title='bbox 1082 642 1166 704; x_wconf 91' lang='lat' dir='ltr'>cultu</span> 
     </span>
     <span class='ocr_line' id='line_1_6' title="bbox 210 725 1167 810; baseline -0.006 -16"><span class='ocrx_word' id='word_1_49' title='bbox 210 733 321 810; x_wconf 78' lang='lat' dir='ltr'>agresti</span> <span class='ocrx_word' id='word_1_50' title='bbox 340 733 517 799; x_wconf 82' lang='lat' dir='ltr'>transirent,</span> <span class='ocrx_word' id='word_1_51' title='bbox 541 745 704 807; x_wconf 88' lang='lat' dir='ltr'>pervenere</span> <span class='ocrx_word' id='word_1_52' title='bbox 720 727 756 786; x_wconf 88' lang='lat' dir='ltr'>ad</span> <span class='ocrx_word' id='word_1_53' title='bbox 771 728 892 787; x_wconf 77' lang='lat' dir='ltr'>tertium</span> <span class='ocrx_word' id='word_1_54' title='bbox 907 726 1036 805; x_wconf 86' lang='lat' dir='ltr'>lapidem</span> <span class='ocrx_word' id='word_1_55' title='bbox 1050 725 1167 789; x_wconf 84' lang='lat' dir='ltr'>Gabina</span> 
     </span>
    </p>
   </div>
   <div class='ocr_carea' id='block_1_5' title="bbox 176 808 1282 887">
    <p class='ocr_par' dir='ltr' id='par_1_5' title="bbox 176 808 1282 887">
     <span class='ocr_line' id='line_1_7' title="bbox 176 808 1282 887; baseline -0.005 -11"><span class='ocrx_word' id='word_1_56' title='bbox 176 825 194 876; x_wconf 79' lang='grc'><strong>8</strong></span> <span class='ocrx_word' id='word_1_57' title='bbox 210 818 264 876; x_wconf 86' lang='lat' dir='ltr'>via.</span> <span class='ocrx_word' id='word_1_58' title='bbox 291 823 426 875; x_wconf 91' lang='lat' dir='ltr'>mortuus</span> <span class='ocrx_word' id='word_1_59' title='bbox 437 811 580 874; x_wconf 75' lang='lat' dir='ltr'>Aebutius</span> <span class='ocrx_word' id='word_1_60' title='bbox 595 817 659 872; x_wconf 89' lang='lat' dir='ltr'>erat</span> <span class='ocrx_word' id='word_1_61' title='bbox 673 809 823 870; x_wconf 86' lang='lat' dir='ltr'>llonranus</span> <span class='ocrx_word' id='word_1_62' title='bbox 839 808 957 879; x_wconf 89' lang='lat' dir='ltr'>consul,</span> <span class='ocrx_word' id='word_1_63' title='bbox 972 809 1085 887; x_wconf 83' lang='lat' dir='ltr'>collega</span> <span class='ocrx_word' id='word_1_64' title='bbox 1100 812 1166 871; x_wconf 93' lang='lat' dir='ltr'>eius</span> <span class='ocrx_word' id='word_1_65' title='bbox 1280 821 1282 852; x_wconf 51' lang='lat' dir='ltr'><strong>ff</strong></span> 
     </span>
    </p>
   </div>
   <div class='ocr_carea' id='block_1_6' title="bbox 209 890 1167 1061">
    <p class='ocr_par' dir='ltr' id='par_1_6' title="bbox 209 890 1167 1061">
     <span class='ocr_line' id='line_1_8' title="bbox 211 890 1167 974; baseline -0.003 -13"><span class='ocrx_word' id='word_1_66' title='bbox 211 895 351 961; x_wconf 76' lang='lat' dir='ltr'>Serulius</span> <span class='ocrx_word' id='word_1_67' title='bbox 364 897 468 974; x_wconf 82' lang='lat' dir='ltr'>exigua</span> <span class='ocrx_word' id='word_1_68' title='bbox 481 896 514 954; x_wconf 88' lang='lat' dir='ltr'>in</span> <span class='ocrx_word' id='word_1_69' title='bbox 528 912 582 972; x_wconf 89' lang='lat' dir='ltr'>spe</span> <span class='ocrx_word' id='word_1_70' title='bbox 596 890 734 954; x_wconf 84' lang='lat' dir='ltr'>trahebat</span> <span class='ocrx_word' id='word_1_71' title='bbox 749 894 892 961; x_wconf 88' lang='lat' dir='ltr'>animam,</span> <span class='ocrx_word' id='word_1_72' title='bbox 907 893 1014 954; x_wconf 86' lang='lat' dir='ltr'>adlecti</span> <span class='ocrx_word' id='word_1_73' title='bbox 1029 892 1167 972; x_wconf 84' lang='lat' dir='ltr'>plerique</span> 
     </span>
     <span class='ocr_line' id='line_1_9' title="bbox 209 973 1166 1061; baseline -0.004 -21"><span class='ocrx_word' id='word_1_74' title='bbox 209 981 393 1061; x_wconf 87' lang='lat' dir='ltr'>principum,</span> <span class='ocrx_word' id='word_1_75' title='bbox 409 988 528 1057; x_wconf 88' lang='lat' dir='ltr'>patrum</span> <span class='ocrx_word' id='word_1_76' title='bbox 538 978 632 1038; x_wconf 89' lang='lat' dir='ltr'>maior</span> <span class='ocrx_word' id='word_1_77' title='bbox 644 993 730 1054; x_wconf 90' lang='lat' dir='ltr'>pars,</span> <span class='ocrx_word' id='word_1_78' title='bbox 742 973 877 1036; x_wconf 85' lang='lat' dir='ltr'>militaris</span> <span class='ocrx_word' id='word_1_79' title='bbox 890 976 955 1036; x_wconf 84' lang='lat' dir='ltr'>fere</span> <span class='ocrx_word' id='word_1_80' title='bbox 966 985 1047 1037; x_wconf 87' lang='lat' dir='ltr'>aetas</span> <span class='ocrx_word' id='word_1_81' title='bbox 1058 977 1166 1046; x_wconf 88' lang='lat' dir='ltr'>omnis,</span> 
     </span>
    </p>
   </div>
   <div class='ocr_carea' id='block_1_7' title="bbox 210 1055 1282 1140">
    <p class='ocr_par' dir='ltr' id='par_1_7' title="bbox 210 1055 1282 1140">
     <span class='ocr_line' id='line_1_10' title="bbox 210 1055 1282 1140; baseline -0.004 -16"><span class='ocrx_word' id='word_1_82' title='bbox 210 1071 318 1125; x_wconf 90' lang='lat' dir='ltr'>utnon</span> <span class='ocrx_word' id='word_1_83' title='bbox 334 1062 422 1123; x_wconf 92' lang='lat' dir='ltr'>modo</span> <span class='ocrx_word' id='word_1_84' title='bbox 441 1062 477 1122; x_wconf 90' lang='lat' dir='ltr'>ad</span> <span class='ocrx_word' id='word_1_85' title='bbox 496 1060 713 1140; x_wconf 87' lang='lat' dir='ltr'>expeditiones,</span> <span class='ocrx_word' id='word_1_86' title='bbox 734 1073 807 1136; x_wconf 87' lang='lat' dir='ltr'>quas</span> <span class='ocrx_word' id='word_1_87' title='bbox 827 1059 859 1118; x_wconf 91' lang='lat' dir='ltr'>in</span> <span class='ocrx_word' id='word_1_88' title='bbox 873 1065 956 1120; x_wconf 88' lang='lat' dir='ltr'>tanto</span> <span class='ocrx_word' id='word_1_89' title='bbox 970 1058 1099 1120; x_wconf 89' lang='lat' dir='ltr'>tumultu</span> <span class='ocrx_word' id='word_1_90' title='bbox 1115 1078 1167 1120; x_wconf 91' lang='lat' dir='ltr'>res</span> <span class='ocrx_word' id='word_1_91' title='bbox 1281 1055 1282 1064; x_wconf 73' lang='grc'>’</span> 
     </span>
    </p>
   </div>
   <div class='ocr_carea' id='block_1_8' title="bbox 176 1141 1171 1892">
    <p class='ocr_par' dir='ltr' id='par_1_8' title="bbox 210 1141 1165 1228">
     <span class='ocr_line' id='line_1_11' title="bbox 210 1141 1165 1228; baseline -0.007 -19"><span class='ocrx_word' id='word_1_92' title='bbox 210 1145 368 1228; x_wconf 89' lang='lat' dir='ltr'>poscebat,</span> <span class='ocrx_word' id='word_1_93' title='bbox 383 1145 435 1208; x_wconf 89' lang='lat' dir='ltr'>sed</span> <span class='ocrx_word' id='word_1_94' title='bbox 453 1147 499 1205; x_wconf 77' lang='lat' dir='ltr'>rix</span> <span class='ocrx_word' id='word_1_95' title='bbox 517 1144 554 1206; x_wconf 86' lang='lat' dir='ltr'>ad</span> <span class='ocrx_word' id='word_1_96' title='bbox 569 1145 683 1222; x_wconf 89' lang='lat' dir='ltr'>quietas</span> <span class='ocrx_word' id='word_1_97' title='bbox 697 1143 839 1204; x_wconf 88' lang='lat' dir='ltr'>stationes</span> <span class='ocrx_word' id='word_1_98' title='bbox 853 1141 965 1203; x_wconf 82' lang='lat' dir='ltr'>viribus</span> <span class='ocrx_word' id='word_1_99' title='bbox 984 1143 1165 1204; x_wconf 84' lang='lat' dir='ltr'>sufficerent.</span> 
     </span>
    </p>

    <p class='ocr_par' dir='ltr' id='par_1_9' title="bbox 176 1225 1168 1557">
     <span class='ocr_line' id='line_1_12' title="bbox 176 1225 1168 1308; baseline -0.006 -16"><span class='ocrx_word' id='word_1_100' title='bbox 176 1247 193 1301; x_wconf 77' lang='lat' dir='ltr'>o</span> <span class='ocrx_word' id='word_1_101' title='bbox 210 1249 318 1292; x_wconf 88' lang='lat' dir='ltr'>munus</span> <span class='ocrx_word' id='word_1_102' title='bbox 333 1229 499 1308; x_wconf 73' lang='lat' dir='ltr'>vigiliarum</span> <span class='ocrx_word' id='word_1_103' title='bbox 514 1236 683 1296; x_wconf 87' lang='lat' dir='ltr'>senatores,</span> <span class='ocrx_word' id='word_1_104' title='bbox 698 1225 750 1303; x_wconf 92' lang='lat' dir='ltr'>qui</span> <span class='ocrx_word' id='word_1_105' title='bbox 766 1243 820 1303; x_wconf 90' lang='lat' dir='ltr'>per</span> <span class='ocrx_word' id='word_1_106' title='bbox 835 1232 961 1286; x_wconf 89' lang='lat' dir='ltr'>aetatem</span> <span class='ocrx_word' id='word_1_107' title='bbox 981 1243 1015 1285; x_wconf 92' lang='lat' dir='ltr'>ac</span> <span class='ocrx_word' id='word_1_108' title='bbox 1024 1225 1168 1286; x_wconf 86' lang='lat' dir='ltr'>valetudi-</span> 
     </span>
     <span class='ocr_line' id='line_1_13' title="bbox 210 1307 1168 1392; baseline -0.007 -16"><span class='ocrx_word' id='word_1_109' title='bbox 210 1333 279 1376; x_wconf 89' lang='lat' dir='ltr'>nem</span> <span class='ocrx_word' id='word_1_110' title='bbox 299 1319 450 1392; x_wconf 87' lang='lat' dir='ltr'>poterant,</span> <span class='ocrx_word' id='word_1_111' title='bbox 474 1329 528 1392; x_wconf 89' lang='lat' dir='ltr'>per</span> <span class='ocrx_word' id='word_1_112' title='bbox 547 1331 580 1373; x_wconf 89' lang='lat' dir='ltr'>se</span> <span class='ocrx_word' id='word_1_113' title='bbox 607 1310 664 1390; x_wconf 91' lang='lat' dir='ltr'>ipsi</span> <span class='ocrx_word' id='word_1_114' title='bbox 686 1307 824 1378; x_wconf 90' lang='lat' dir='ltr'>obibant,</span> <span class='ocrx_word' id='word_1_115' title='bbox 852 1309 1018 1384; x_wconf 76' lang='lat' dir='ltr'>cucurutio</span> <span class='ocrx_word' id='word_1_116' title='bbox 1040 1327 1075 1370; x_wconf 87' lang='lat' dir='ltr'>ac</span> <span class='ocrx_word' id='word_1_117' title='bbox 1093 1326 1168 1369; x_wconf 89' lang='lat' dir='ltr'>cura</span> 
     </span>
     <span class='ocr_line' id='line_1_14' title="bbox 211 1393 1168 1476; baseline -0.006 -16"><span class='ocrx_word' id='word_1_118' title='bbox 211 1397 349 1461; x_wconf 86' lang='lat' dir='ltr'>aedilium</span> <span class='ocrx_word' id='word_1_119' title='bbox 378 1394 458 1476; x_wconf 89' lang='lat' dir='ltr'>plebi</span> <span class='ocrx_word' id='word_1_120' title='bbox 482 1402 559 1457; x_wconf 86' lang='lat' dir='ltr'>erat:</span> <span class='ocrx_word' id='word_1_121' title='bbox 580 1393 617 1454; x_wconf 88' lang='lat' dir='ltr'>ad</span> <span class='ocrx_word' id='word_1_122' title='bbox 640 1411 691 1454; x_wconf 90' lang='lat' dir='ltr'>eos</span> <span class='ocrx_word' id='word_1_123' title='bbox 710 1407 825 1453; x_wconf 86' lang='lat' dir='ltr'>summa</span> <span class='ocrx_word' id='word_1_124' title='bbox 846 1408 948 1460; x_wconf 86' lang='lat' dir='ltr'>rerum</span> <span class='ocrx_word' id='word_1_125' title='bbox 971 1410 1005 1452; x_wconf 89' lang='lat' dir='ltr'>ac</span> <span class='ocrx_word' id='word_1_126' title='bbox 1028 1393 1168 1454; x_wconf 87' lang='lat' dir='ltr'>maiestas</span> 
     </span>
     <span class='ocr_line' id='line_1_15' title="bbox 211 1479 656 1557; baseline -0.013 -15"><span class='ocrx_word' id='word_1_127' title='bbox 211 1479 377 1542; x_wconf 88' lang='lat' dir='ltr'>consularis</span> <span class='ocrx_word' id='word_1_128' title='bbox 393 1479 512 1557; x_wconf 89' lang='lat' dir='ltr'>imperii</span> <span class='ocrx_word' id='word_1_129' title='bbox 526 1483 656 1538; x_wconf 83' lang='lat' dir='ltr'>venerat</span> 
     </span>
    </p>

    <p class='ocr_par' dir='ltr' id='par_1_10' title="bbox 179 1559 1171 1722">
     <span class='ocr_line' id='line_1_16' title="bbox 179 1559 1170 1639; baseline -0.006 -15"><span class='ocrx_word' id='word_1_130' title='bbox 179 1576 193 1629; x_wconf 84' lang='lat'><em>1</em></span> <span class='ocrx_word' id='word_1_131' title='bbox 231 1581 234 1586; x_wconf 91' lang='lat'>·</span> <span class='ocrx_word' id='word_1_132' title='bbox 273 1562 332 1623; x_wconf 85' lang='lat' dir='ltr'>Vll.</span> <span class='ocrx_word' id='word_1_133' title='bbox 363 1561 485 1623; x_wconf 83' lang='lat' dir='ltr'>Deserta</span> <span class='ocrx_word' id='word_1_134' title='bbox 500 1561 598 1622; x_wconf 88' lang='lat' dir='ltr'>omnia</span> <span class='ocrx_word' id='word_1_135' title='bbox 614 1561 679 1622; x_wconf 88' lang='lat' dir='ltr'>siue</span> <span class='ocrx_word' id='word_1_136' title='bbox 692 1561 803 1639; x_wconf 88' lang='lat' dir='ltr'>capite,</span> <span class='ocrx_word' id='word_1_137' title='bbox 821 1561 886 1622; x_wconf 88' lang='lat' dir='ltr'>sine</span> <span class='ocrx_word' id='word_1_138' title='bbox 899 1559 1011 1622; x_wconf 83' lang='lat' dir='ltr'>viribus</span> <span class='ocrx_word' id='word_1_139' title='bbox 1025 1559 1065 1620; x_wconf 90' lang='lat' dir='ltr'>dli</span> <span class='ocrx_word' id='word_1_140' title='bbox 1079 1575 1170 1637; x_wconf 89' lang='lat' dir='ltr'>prae·</span> 
     </span>
     <span class='ocr_line' id='line_1_17' title="bbox 211 1643 1171 1722; baseline -0.005 -14"><span class='ocrx_word' id='word_1_141' title='bbox 211 1647 290 1709; x_wconf 88' lang='lat' dir='ltr'>sides</span> <span class='ocrx_word' id='word_1_142' title='bbox 310 1664 345 1706; x_wconf 91' lang='lat' dir='ltr'>ac</span> <span class='ocrx_word' id='word_1_143' title='bbox 360 1646 479 1707; x_wconf 81' lang='lat' dir='ltr'>fortuna</span> <span class='ocrx_word' id='word_1_144' title='bbox 497 1643 581 1706; x_wconf 90' lang='lat' dir='ltr'>urbis</span> <span class='ocrx_word' id='word_1_145' title='bbox 595 1650 689 1705; x_wconf 89' lang='lat' dir='ltr'>tutata</span> <span class='ocrx_word' id='word_1_146' title='bbox 704 1653 763 1713; x_wconf 90' lang='lat' dir='ltr'>est,</span> <span class='ocrx_word' id='word_1_147' title='bbox 779 1661 855 1722; x_wconf 89' lang='lat' dir='ltr'>quac</span> <span class='ocrx_word' id='word_1_148' title='bbox 870 1643 985 1705; x_wconf 87' lang='lat' dir='ltr'>Vulscls</span> <span class='ocrx_word' id='word_1_149' title='bbox 1000 1643 1171 1720; x_wconf 77' lang='lat' dir='ltr'>Aequisque</span> 
     </span>
    </p>

    <p class='ocr_par' dir='ltr' id='par_1_11' title="bbox 178 1725 1171 1892">
     <span class='ocr_line' id='line_1_18' title="bbox 178 1725 1170 1810; baseline -0.008 -16"><span class='ocrx_word' id='word_1_150' title='bbox 178 1744 194 1794; x_wconf 85' lang='lat'>2</span> <span class='ocrx_word' id='word_1_151' title='bbox 212 1729 396 1810; x_wconf 90' lang='lat' dir='ltr'>praedonum</span> <span class='ocrx_word' id='word_1_152' title='bbox 404 1729 502 1807; x_wconf 87' lang='lat' dir='ltr'>potius</span> <span class='ocrx_word' id='word_1_153' title='bbox 511 1734 642 1790; x_wconf 86' lang='lat' dir='ltr'>mentem</span> <span class='ocrx_word' id='word_1_154' title='bbox 654 1745 742 1806; x_wconf 87' lang='lat' dir='ltr'>quam</span> <span class='ocrx_word' id='word_1_155' title='bbox 753 1727 884 1790; x_wconf 88' lang='lat' dir='ltr'>bostium</span> <span class='ocrx_word' id='word_1_156' title='bbox 895 1727 989 1790; x_wconf 88' lang='lat' dir='ltr'>dedit:</span> <span class='ocrx_word' id='word_1_157' title='bbox 1003 1725 1076 1788; x_wconf 88' lang='lat' dir='ltr'>adeo</span> <span class='ocrx_word' id='word_1_158' title='bbox 1088 1727 1170 1787; x_wconf 86' lang='lat' dir='ltr'>enim</span> 
     </span>
     <span class='ocr_line' id='line_1_19' title="bbox 211 1809 1171 1892; baseline -0.004 -18"><span class='ocrx_word' id='word_1_159' title='bbox 211 1813 323 1875; x_wconf 87' lang='lat' dir='ltr'>nullam</span> <span class='ocrx_word' id='word_1_160' title='bbox 343 1830 428 1892; x_wconf 86' lang='lat' dir='ltr'>spem</span> <span class='ocrx_word' id='word_1_161' title='bbox 445 1829 505 1872; x_wconf 90' lang='lat' dir='ltr'>non</span> <span class='ocrx_word' id='word_1_162' title='bbox 523 1811 658 1891; x_wconf 83' lang='lat' dir='ltr'>potiundi</span> <span class='ocrx_word' id='word_1_163' title='bbox 673 1810 760 1872; x_wconf 89' lang='lat' dir='ltr'>modo</span> <span class='ocrx_word' id='word_1_164' title='bbox 780 1810 833 1873; x_wconf 88' lang='lat' dir='ltr'>sed</span> <span class='ocrx_word' id='word_1_165' title='bbox 852 1829 890 1872; x_wconf 90' lang='lat' dir='ltr'>ne</span> <span class='ocrx_word' id='word_1_166' title='bbox 903 1811 1030 1873; x_wconf 74' lang='lat' dir='ltr'>adeamdi</span> <span class='ocrx_word' id='word_1_167' title='bbox 1049 1809 1171 1888; x_wconf 89' lang='lat' dir='ltr'>quidem</span> 
     </span>
    </p>
   </div>
   <div class='ocr_carea' id='block_1_9' title="bbox 211 1891 1282 1973">
    <p class='ocr_par' dir='ltr' id='par_1_12' title="bbox 211 1891 1282 1973">
     <span class='ocr_line' id='line_1_20' title="bbox 211 1891 1282 1973; baseline -0.006 -15"><span class='ocrx_word' id='word_1_168' title='bbox 211 1897 343 1958; x_wconf 85' lang='lat' dir='ltr'>Romana</span> <span class='ocrx_word' id='word_1_169' title='bbox 371 1896 488 1956; x_wconf 90' lang='lat' dir='ltr'>moenia</span> <span class='ocrx_word' id='word_1_170' title='bbox 509 1895 624 1956; x_wconf 87' lang='lat' dir='ltr'>animus</span> <span class='ocrx_word' id='word_1_171' title='bbox 652 1911 755 1955; x_wconf 89' lang='lat' dir='ltr'>eorum</span> <span class='ocrx_word' id='word_1_172' title='bbox 782 1895 874 1972; x_wconf 90' lang='lat' dir='ltr'>cepit,</span> <span class='ocrx_word' id='word_1_173' title='bbox 901 1902 1037 1973; x_wconf 87' lang='lat' dir='ltr'>tectaque</span> <span class='ocrx_word' id='word_1_174' title='bbox 1061 1891 1170 1973; x_wconf 91' lang='lat' dir='ltr'>procul</span> <span class='ocrx_word' id='word_1_175' title='bbox 1281 1927 1282 1945; x_wconf 51' lang='lat' dir='ltr'>r</span> 
     </span>
    </p>
   </div>
   <div class='ocr_carea' id='block_1_10' title="bbox 178 1977 1172 3230">
    <p class='ocr_par' dir='ltr' id='par_1_13' title="bbox 179 1977 1171 2642">
     <span class='ocr_line' id='line_1_21' title="bbox 179 1977 1170 2058; baseline -0.003 -19"><span class='ocrx_word' id='word_1_176' title='bbox 179 1995 195 2049; x_wconf 79' lang='lat'><strong>3</strong></span> <span class='ocrx_word' id='word_1_177' title='bbox 213 1981 272 2041; x_wconf 86' lang='lat' dir='ltr'>visa</span> <span class='ocrx_word' id='word_1_178' title='bbox 288 1986 377 2058; x_wconf 89' lang='lat' dir='ltr'>atque</span> <span class='ocrx_word' id='word_1_179' title='bbox 391 1979 570 2040; x_wconf 86' lang='lat' dir='ltr'>inminentes</span> <span class='ocrx_word' id='word_1_180' title='bbox 585 1977 691 2039; x_wconf 87' lang='lat' dir='ltr'>tumuli</span> <span class='ocrx_word' id='word_1_181' title='bbox 714 1983 848 2040; x_wconf 86' lang='lat' dir='ltr'>avertere</span> <span class='ocrx_word' id='word_1_182' title='bbox 864 1985 979 2040; x_wconf 88' lang='lat' dir='ltr'>mentes</span> <span class='ocrx_word' id='word_1_183' title='bbox 995 1993 1114 2047; x_wconf 87' lang='lat' dir='ltr'>eorum,</span> <span class='ocrx_word' id='word_1_184' title='bbox 1135 1985 1170 2037; x_wconf 93' lang='lat' dir='ltr'>ut</span> 
     </span>
     <span class='ocr_line' id='line_1_22' title="bbox 212 2059 1170 2141; baseline -0.003 -19"><span class='ocrx_word' id='word_1_185' title='bbox 212 2065 283 2124; x_wconf 90' lang='lat' dir='ltr'>totis</span> <span class='ocrx_word' id='word_1_186' title='bbox 293 2064 405 2141; x_wconf 89' lang='lat' dir='ltr'>passim</span> <span class='ocrx_word' id='word_1_187' title='bbox 420 2063 525 2124; x_wconf 88' lang='lat' dir='ltr'>castris</span> <span class='ocrx_word' id='word_1_188' title='bbox 539 2062 659 2123; x_wconf 80' lang='lat' dir='ltr'>fremitu</span> <span class='ocrx_word' id='word_1_189' title='bbox 676 2069 758 2132; x_wconf 91' lang='lat' dir='ltr'>orto,</span> <span class='ocrx_word' id='word_1_190' title='bbox 774 2060 846 2141; x_wconf 93' lang='lat' dir='ltr'>quid</span> <span class='ocrx_word' id='word_1_191' title='bbox 855 2062 887 2122; x_wconf 88' lang='lat' dir='ltr'>in</span> <span class='ocrx_word' id='word_1_192' title='bbox 900 2069 982 2123; x_wconf 88' lang='lat' dir='ltr'>vasto</span> <span class='ocrx_word' id='word_1_193' title='bbox 1000 2075 1035 2122; x_wconf 88' lang='lat' dir='ltr'>ac</span> <span class='ocrx_word' id='word_1_194' title='bbox 1049 2059 1170 2122; x_wconf 87' lang='lat' dir='ltr'>deserto</span> 
     </span>
     <span class='ocr_line' id='line_1_23' title="bbox 212 2144 1171 2225; baseline -0.005 -17"><span class='ocrx_word' id='word_1_195' title='bbox 212 2163 284 2225; x_wconf 82' lang='lat' dir='ltr'>agro</span> <span class='ocrx_word' id='word_1_196' title='bbox 312 2147 391 2206; x_wconf 87' lang='lat' dir='ltr'>inter</span> <span class='ocrx_word' id='word_1_197' title='bbox 421 2144 521 2206; x_wconf 84' lang='lat' dir='ltr'>tabem</span> <span class='ocrx_word' id='word_1_198' title='bbox 552 2161 695 2223; x_wconf 88' lang='lat' dir='ltr'>pecorum</span> <span class='ocrx_word' id='word_1_199' title='bbox 719 2145 933 2224; x_wconf 88' lang='lat' dir='ltr'>bominumque</span> <span class='ocrx_word' id='word_1_200' title='bbox 960 2145 1077 2207; x_wconf 87' lang='lat' dir='ltr'>desides</span> <span class='ocrx_word' id='word_1_201' title='bbox 1104 2145 1171 2205; x_wconf 87' lang='lat' dir='ltr'>siue</span> 
     </span>
     <span class='ocr_line' id='line_1_24' title="bbox 211 2226 1170 2309; baseline -0.001 -21"><span class='ocrx_word' id='word_1_202' title='bbox 211 2229 322 2309; x_wconf 86' lang='lat' dir='ltr'>praeda</span> <span class='ocrx_word' id='word_1_203' title='bbox 337 2239 455 2307; x_wconf 89' lang='lat' dir='ltr'>tempus</span> <span class='ocrx_word' id='word_1_204' title='bbox 468 2235 617 2298; x_wconf 80' lang='lat' dir='ltr'>tererent,</span> <span class='ocrx_word' id='word_1_205' title='bbox 638 2246 706 2289; x_wconf 91' lang='lat' dir='ltr'>oum</span> <span class='ocrx_word' id='word_1_206' title='bbox 726 2229 842 2307; x_wconf 80' lang='lat' dir='ltr'>integra</span> <span class='ocrx_word' id='word_1_207' title='bbox 864 2228 945 2300; x_wconf 90' lang='lat' dir='ltr'>loca,</span> <span class='ocrx_word' id='word_1_208' title='bbox 967 2226 1170 2290; x_wconf 82' lang='lat' dir='ltr'>Tusculanum</span> 
     </span>
     <span class='ocr_line' id='line_1_25' title="bbox 212 2311 1171 2391; baseline -0.003 -18"><span class='ocrx_word' id='word_1_209' title='bbox 212 2329 317 2390; x_wconf 80' lang='lat' dir='ltr'>agrum</span> <span class='ocrx_word' id='word_1_210' title='bbox 329 2313 461 2390; x_wconf 88' lang='lat' dir='ltr'>opimum</span> <span class='ocrx_word' id='word_1_211' title='bbox 474 2311 583 2390; x_wconf 85' lang='lat' dir='ltr'>copiis,</span> <span class='ocrx_word' id='word_1_212' title='bbox 599 2319 701 2391; x_wconf 89' lang='lat' dir='ltr'>petere</span> <span class='ocrx_word' id='word_1_213' title='bbox 715 2319 851 2390; x_wconf 90' lang='lat' dir='ltr'>possent,</span> <span class='ocrx_word' id='word_1_214' title='bbox 867 2313 950 2390; x_wconf 81' lang='lat' dir='ltr'>signa</span> <span class='ocrx_word' id='word_1_215' title='bbox 961 2318 1086 2390; x_wconf 87' lang='lat' dir='ltr'>repente</span> <span class='ocrx_word' id='word_1_216' title='bbox 1098 2327 1171 2371; x_wconf 90' lang='lat' dir='ltr'>cou-</span> 
     </span>
     <span class='ocr_line' id='line_1_26' title="bbox 212 2394 1170 2475; baseline 0.001 -21"><span class='ocrx_word' id='word_1_217' title='bbox 212 2394 370 2464; x_wconf 78' lang='lat' dir='ltr'>venerant,</span> <span class='ocrx_word' id='word_1_218' title='bbox 392 2397 628 2475; x_wconf 88' lang='lat' dir='ltr'>transversisque</span> <span class='ocrx_word' id='word_1_219' title='bbox 649 2395 806 2456; x_wconf 89' lang='lat' dir='ltr'>itineribus</span> <span class='ocrx_word' id='word_1_220' title='bbox 829 2413 884 2473; x_wconf 90' lang='lat' dir='ltr'>per</span> <span class='ocrx_word' id='word_1_221' title='bbox 897 2395 1063 2456; x_wconf 86' lang='lat' dir='ltr'>Labicanos</span> <span class='ocrx_word' id='word_1_222' title='bbox 1082 2411 1170 2472; x_wconf 80' lang='lat' dir='ltr'>agros</span> 
     </span>
     <span class='ocr_line' id='line_1_27' title="bbox 211 2475 1170 2557; baseline 0.001 -19"><span class='ocrx_word' id='word_1_223' title='bbox 211 2479 243 2538; x_wconf 95' lang='lat' dir='ltr'>in</span> <span class='ocrx_word' id='word_1_224' title='bbox 260 2477 444 2540; x_wconf 81' lang='lat' dir='ltr'>Tusculanos</span> <span class='ocrx_word' id='word_1_225' title='bbox 461 2475 552 2541; x_wconf 88' lang='lat' dir='ltr'>colles</span> <span class='ocrx_word' id='word_1_226' title='bbox 567 2479 737 2539; x_wconf 86' lang='lat' dir='ltr'>transirent.</span> <span class='ocrx_word' id='word_1_227' title='bbox 768 2497 803 2540; x_wconf 87' lang='lat' dir='ltr'>eo</span> <span class='ocrx_word' id='word_1_228' title='bbox 820 2482 863 2540; x_wconf 82' lang='lat' dir='ltr'>vis</span> <span class='ocrx_word' id='word_1_229' title='bbox 880 2480 976 2541; x_wconf 89' lang='lat' dir='ltr'>omnis</span> <span class='ocrx_word' id='word_1_230' title='bbox 994 2486 1170 2557; x_wconf 88' lang='lat' dir='ltr'>tempestas·</span> 
     </span>
     <span class='ocr_line' id='line_1_28' title="bbox 213 2561 586 2642; baseline -0.005 -19"><span class='ocrx_word' id='word_1_231' title='bbox 213 2579 271 2642; x_wconf 88' lang='lat' dir='ltr'>que</span> <span class='ocrx_word' id='word_1_232' title='bbox 285 2561 357 2624; x_wconf 91' lang='lat' dir='ltr'>belli</span> <span class='ocrx_word' id='word_1_233' title='bbox 373 2579 515 2624; x_wconf 85' lang='lat' dir='ltr'>conversa</span> <span class='ocrx_word' id='word_1_234' title='bbox 533 2570 586 2625; x_wconf 85' lang='lat' dir='ltr'>eat.</span> 
     </span>
    </p>

    <p class='ocr_par' dir='ltr' id='par_1_14' title="bbox 178 2645 1172 2967">
     <span class='ocr_line' id='line_1_29' title="bbox 178 2645 1169 2726; baseline -0.001 -19"><span class='ocrx_word' id='word_1_235' title='bbox 178 2670 196 2720; x_wconf 76' lang='lat'><strong>4</strong></span> <span class='ocrx_word' id='word_1_236' title='bbox 275 2645 398 2707; x_wconf 86' lang='lat' dir='ltr'>Interim</span> <span class='ocrx_word' id='word_1_237' title='bbox 413 2645 535 2707; x_wconf 86' lang='lat' dir='ltr'>llernlei</span> <span class='ocrx_word' id='word_1_238' title='bbox 550 2645 705 2725; x_wconf 86' lang='lat' dir='ltr'>Latinique</span> <span class='ocrx_word' id='word_1_239' title='bbox 726 2646 841 2726; x_wconf 88' lang='lat' dir='ltr'>pudore</span> <span class='ocrx_word' id='word_1_240' title='bbox 856 2647 958 2718; x_wconf 91' lang='lat' dir='ltr'>etiam,</span> <span class='ocrx_word' id='word_1_241' title='bbox 978 2663 1039 2707; x_wconf 90' lang='lat' dir='ltr'>non</span> <span class='ocrx_word' id='word_1_242' title='bbox 1054 2645 1169 2707; x_wconf 87' lang='lat' dir='ltr'>miseri·</span> 
     </span>
     <span class='ocr_line' id='line_1_30' title="bbox 212 2725 1172 2798; baseline -0.001 -8"><span class='ocrx_word' id='word_1_243' title='bbox 212 2729 314 2790; x_wconf 89' lang='lat' dir='ltr'>cordia</span> <span class='ocrx_word' id='word_1_244' title='bbox 328 2728 424 2790; x_wconf 93' lang='lat' dir='ltr'>solum</span> <span class='ocrx_word' id='word_1_245' title='bbox 441 2729 529 2798; x_wconf 90' lang='lat' dir='ltr'>moti,</span> <span class='ocrx_word' id='word_1_246' title='bbox 546 2729 572 2789; x_wconf 91' lang='lat' dir='ltr'>si</span> <span class='ocrx_word' id='word_1_247' title='bbox 585 2745 642 2790; x_wconf 88' lang='lat' dir='ltr'>uec</span> <span class='ocrx_word' id='word_1_248' title='bbox 657 2725 842 2793; x_wconf 84' lang='lat' dir='ltr'>obstitissent</span> <span class='ocrx_word' id='word_1_249' title='bbox 856 2729 1064 2792; x_wconf 87' lang='lat' dir='ltr'>communibus</span> <span class='ocrx_word' id='word_1_250' title='bbox 1077 2729 1172 2790; x_wconf 87' lang='lat' dir='ltr'>hosti·</span> 
     </span>
     <span class='ocr_line' id='line_1_31' title="bbox 212 2810 1172 2893; baseline 0.002 -21"><span class='ocrx_word' id='word_1_251' title='bbox 212 2811 270 2873; x_wconf 88' lang='lat' dir='ltr'>bus</span> <span class='ocrx_word' id='word_1_252' title='bbox 286 2813 395 2874; x_wconf 80' lang='lat' dir='ltr'>infesto</span> <span class='ocrx_word' id='word_1_253' title='bbox 413 2812 529 2890; x_wconf 78' lang='lat' dir='ltr'>agmine</span> <span class='ocrx_word' id='word_1_254' title='bbox 539 2810 703 2874; x_wconf 86' lang='lat' dir='ltr'>Romanam</span> <span class='ocrx_word' id='word_1_255' title='bbox 714 2813 821 2875; x_wconf 86' lang='lat' dir='ltr'>urbem</span> <span class='ocrx_word' id='word_1_256' title='bbox 834 2813 1005 2893; x_wconf 86' lang='lat' dir='ltr'>petentibus</span> <span class='ocrx_word' id='word_1_257' title='bbox 1015 2831 1071 2875; x_wconf 89' lang='lat' dir='ltr'>nec</span> <span class='ocrx_word' id='word_1_258' title='bbox 1082 2829 1172 2890; x_wconf 88' lang='lat' dir='ltr'>opem</span> 
     </span>
     <span class='ocr_line' id='line_1_32' title="bbox 213 2892 1171 2967; baseline 0 -12"><span class='ocrx_word' id='word_1_259' title='bbox 213 2892 304 2955; x_wconf 87' lang='lat' dir='ltr'>ullam</span> <span class='ocrx_word' id='word_1_260' title='bbox 319 2895 448 2958; x_wconf 87' lang='lat' dir='ltr'>obsessis</span> <span class='ocrx_word' id='word_1_261' title='bbox 464 2895 553 2958; x_wconf 86' lang='lat' dir='ltr'>sociis</span> <span class='ocrx_word' id='word_1_262' title='bbox 566 2896 696 2967; x_wconf 80' lang='lat' dir='ltr'>ferrem,</span> <span class='ocrx_word' id='word_1_263' title='bbox 718 2899 877 2958; x_wconf 86' lang='lat' dir='ltr'>coniuncto</span> <span class='ocrx_word' id='word_1_264' title='bbox 901 2899 1037 2960; x_wconf 81' lang='lat' dir='ltr'>exercitu·</span> <span class='ocrx_word' id='word_1_265' title='bbox 1046 2895 1171 2958; x_wconf 84' lang='lat' dir='ltr'>Romam</span> 
     </span>
    </p>

    <p class='ocr_par' dir='ltr' id='par_1_15' title="bbox 179 2977 1172 3230">
     <span class='ocr_line' id='line_1_33' title="bbox 179 2977 1171 3057; baseline 0.002 -20"><span class='ocrx_word' id='word_1_266' title='bbox 179 2995 196 3047; x_wconf 79' lang='lat' dir='ltr'>b</span> <span class='ocrx_word' id='word_1_267' title='bbox 212 2986 350 3057; x_wconf 86' lang='lat' dir='ltr'>pergunt.</span> <span class='ocrx_word' id='word_1_268' title='bbox 380 2977 433 3040; x_wconf 93' lang='lat' dir='ltr'>ubi</span> <span class='ocrx_word' id='word_1_269' title='bbox 450 2995 518 3040; x_wconf 90' lang='lat' dir='ltr'>cum</span> <span class='ocrx_word' id='word_1_270' title='bbox 532 2977 627 3042; x_wconf 88' lang='lat' dir='ltr'>bostis</span> <span class='ocrx_word' id='word_1_271' title='bbox 647 2998 708 3041; x_wconf 90' lang='lat' dir='ltr'>uon</span> <span class='ocrx_word' id='word_1_272' title='bbox 727 2982 925 3051; x_wconf 83' lang='lat' dir='ltr'>inventoseot,</span> <span class='ocrx_word' id='word_1_273' title='bbox 948 2982 1043 3043; x_wconf 89' lang='lat' dir='ltr'>secuti</span> <span class='ocrx_word' id='word_1_274' title='bbox 1062 2979 1171 3040; x_wconf 85' lang='lat' dir='ltr'>lamam</span> 
     </span>
     <span class='ocr_line' id='line_1_34' title="bbox 213 3061 1171 3141; baseline 0.001 -19"><span class='ocrx_word' id='word_1_275' title='bbox 213 3079 248 3122; x_wconf 87' lang='lat' dir='ltr'>ac</span> <span class='ocrx_word' id='word_1_276' title='bbox 261 3063 383 3141; x_wconf 77' lang='lat' dir='ltr'>vestigia</span> <span class='ocrx_word' id='word_1_277' title='bbox 397 3061 475 3123; x_wconf 88' lang='lat' dir='ltr'>obvii</span> <span class='ocrx_word' id='word_1_278' title='bbox 486 3064 562 3125; x_wconf 88' lang='lat' dir='ltr'>liunt</span> <span class='ocrx_word' id='word_1_279' title='bbox 577 3064 826 3127; x_wconf 84' lang='lat' dir='ltr'>descendentibus</span> <span class='ocrx_word' id='word_1_280' title='bbox 842 3063 879 3125; x_wconf 88' lang='lat' dir='ltr'>ab</span> <span class='ocrx_word' id='word_1_281' title='bbox 893 3064 1062 3126; x_wconf 81' lang='lat' dir='ltr'>Tusculano</span> <span class='ocrx_word' id='word_1_282' title='bbox 1078 3063 1110 3123; x_wconf 92' lang='lat' dir='ltr'>in</span> <span class='ocrx_word' id='word_1_283' title='bbox 1124 3061 1171 3123; x_wconf 76' lang='lat' dir='ltr'>nl·</span> 
     </span>
     <span class='ocr_line' id='line_1_35' title="bbox 213 3144 1172 3230; baseline 0 -25"><span class='ocrx_word' id='word_1_284' title='bbox 213 3144 320 3208; x_wconf 85' lang='lat' dir='ltr'>barram</span> <span class='ocrx_word' id='word_1_285' title='bbox 332 3145 446 3208; x_wconf 82' lang='lat' dir='ltr'>uallem.</span> <span class='ocrx_word' id='word_1_286' title='bbox 474 3145 517 3206; x_wconf 87' lang='lat' dir='ltr'>ibi</span> <span class='ocrx_word' id='word_1_287' title='bbox 525 3147 754 3227; x_wconf 89' lang='lat' dir='ltr'>haudquaquam</span> <span class='ocrx_word' id='word_1_288' title='bbox 769 3166 865 3228; x_wconf 88' lang='lat' dir='ltr'>aequo</span> <span class='ocrx_word' id='word_1_289' title='bbox 879 3148 994 3230; x_wconf 85' lang='lat' dir='ltr'>proelio</span> <span class='ocrx_word' id='word_1_290' title='bbox 1008 3154 1172 3226; x_wconf 80' lang='lat' dir='ltr'>pugnatum</span> 
     </span>
    </p>
   </div>
   <div class='ocr_carea' id='block_1_11' title="bbox 180 3229 1174 3563">
    <p class='ocr_par' dir='ltr' id='par_1_16' title="bbox 180 3229 1174 3563">
     <span class='ocr_line' id='line_1_36' title="bbox 214 3229 1171 3313; baseline -0.001 -23"><span class='ocrx_word' id='word_1_291' title='bbox 214 3237 273 3300; x_wconf 87' lang='lat' dir='ltr'>est,</span> <span class='ocrx_word' id='word_1_292' title='bbox 300 3229 433 3310; x_wconf 81' lang='lat' dir='ltr'>fidesque</span> <span class='ocrx_word' id='word_1_293' title='bbox 453 3249 506 3292; x_wconf 88' lang='lat' dir='ltr'>sua</span> <span class='ocrx_word' id='word_1_294' title='bbox 527 3231 615 3292; x_wconf 86' lang='lat' dir='ltr'>sociis</span> <span class='ocrx_word' id='word_1_295' title='bbox 636 3249 742 3310; x_wconf 85' lang='lat' dir='ltr'>parum</span> <span class='ocrx_word' id='word_1_296' title='bbox 763 3232 834 3296; x_wconf 82' lang='lat' dir='ltr'>felix</span> <span class='ocrx_word' id='word_1_297' title='bbox 855 3234 888 3295; x_wconf 87' lang='lat' dir='ltr'>ln</span> <span class='ocrx_word' id='word_1_298' title='bbox 912 3232 1081 3313; x_wconf 84' lang='lat' dir='ltr'>praeseutia</span> <span class='ocrx_word' id='word_1_299' title='bbox 1104 3229 1171 3291; x_wconf 79' lang='lat' dir='ltr'>fuir.</span> 
     </span>
     <span class='ocr_line' id='line_1_37' title="bbox 180 3311 1172 3398; baseline 0.003 -28"><span class='ocrx_word' id='word_1_300' title='bbox 180 3319 198 3370; x_wconf 83' lang='lat' dir='ltr'>o</span> <span class='ocrx_word' id='word_1_301' title='bbox 213 3311 292 3374; x_wconf 88' lang='lat' dir='ltr'>haud</span> <span class='ocrx_word' id='word_1_302' title='bbox 307 3313 405 3375; x_wconf 90' lang='lat' dir='ltr'>minor</span> <span class='ocrx_word' id='word_1_303' title='bbox 418 3313 530 3376; x_wconf 85' lang='lat' dir='ltr'>Romae</span> <span class='ocrx_word' id='word_1_304' title='bbox 544 3315 578 3375; x_wconf 88' lang='lat' dir='ltr'>tit</span> <span class='ocrx_word' id='word_1_305' title='bbox 590 3315 695 3377; x_wconf 89' lang='lat' dir='ltr'>morbo</span> <span class='ocrx_word' id='word_1_306' title='bbox 710 3325 841 3396; x_wconf 79' lang='lat' dir='ltr'>strages,</span> <span class='ocrx_word' id='word_1_307' title='bbox 861 3335 950 3398; x_wconf 88' lang='lat' dir='ltr'>quam</span> <span class='ocrx_word' id='word_1_308' title='bbox 966 3323 1075 3396; x_wconf 87' lang='lat' dir='ltr'>quanta</span> <span class='ocrx_word' id='word_1_309' title='bbox 1089 3314 1172 3375; x_wconf 89' lang='lat' dir='ltr'>lcrro</span> 
     </span>
     <span class='ocr_line' id='line_1_38' title="bbox 214 3397 1173 3481; baseline 0.002 -26"><span class='ocrx_word' id='word_1_310' title='bbox 214 3397 363 3457; x_wconf 91' lang='lat' dir='ltr'>sociorum</span> <span class='ocrx_word' id='word_1_311' title='bbox 378 3397 455 3460; x_wconf 86' lang='lat' dir='ltr'>lacta</span> <span class='ocrx_word' id='word_1_312' title='bbox 476 3407 548 3459; x_wconf 87' lang='lat' dir='ltr'>erat.</span> <span class='ocrx_word' id='word_1_313' title='bbox 584 3399 704 3472; x_wconf 89' lang='lat' dir='ltr'>consul,</span> <span class='ocrx_word' id='word_1_314' title='bbox 727 3403 778 3481; x_wconf 89' lang='lat' dir='ltr'>qui</span> <span class='ocrx_word' id='word_1_315' title='bbox 793 3417 870 3464; x_wconf 86' lang='lat' dir='ltr'>unus</span> <span class='ocrx_word' id='word_1_316' title='bbox 884 3406 1059 3480; x_wconf 85' lang='lat' dir='ltr'>supererat,</span> <span class='ocrx_word' id='word_1_317' title='bbox 1079 3397 1173 3458; x_wconf 89' lang='lat' dir='ltr'>mori·</span> 
     </span>
     <span class='ocr_line' id='line_1_39' title="bbox 181 3479 1174 3563; baseline 0.002 -25"><span class='ocrx_word' id='word_1_318' title='bbox 181 3488 196 3535; x_wconf 77' lang='lat' dir='ltr'>a</span> <span class='ocrx_word' id='word_1_319' title='bbox 214 3487 278 3550; x_wconf 76' lang='lat' dir='ltr'>tur:</span> <span class='ocrx_word' id='word_1_320' title='bbox 294 3482 404 3544; x_wconf 88' lang='lat' dir='ltr'>mortui</span> <span class='ocrx_word' id='word_1_321' title='bbox 417 3488 446 3543; x_wconf 90' lang='lat' dir='ltr'>et</span> <span class='ocrx_word' id='word_1_322' title='bbox 463 3481 511 3542; x_wconf 87' lang='lat' dir='ltr'>alii</span> <span class='ocrx_word' id='word_1_323' title='bbox 523 3480 597 3543; x_wconf 88' lang='lat' dir='ltr'>clari</span> <span class='ocrx_word' id='word_1_324' title='bbox 611 3485 681 3544; x_wconf 72' lang='lat' dir='ltr'>adri,</span> <span class='ocrx_word' id='word_1_325' title='bbox 697 3485 735 3543; x_wconf 84' lang='grc' dir='ltr'>Μ.</span> <span class='ocrx_word' id='word_1_326' title='bbox 749 3484 883 3548; x_wconf 87' lang='lat' dir='ltr'>Valerius</span> <span class='ocrx_word' id='word_1_327' title='bbox 894 3485 928 3546; x_wconf 87' lang='grc' dir='ltr'>Τ.</span> <span class='ocrx_word' id='word_1_328' title='bbox 942 3482 1099 3563; x_wconf 78' lang='lat' dir='ltr'>Verginius</span> <span class='ocrx_word' id='word_1_329' title='bbox 1109 3479 1174 3541; x_wconf 86' lang='lat' dir='ltr'>llu-</span> 
     </span>
    </p>
   </div>
   <div class='ocr_carea' id='block_1_12' title="bbox 0 0 1295 3956">
    <p class='ocr_par' dir='ltr' id='par_1_17' title="bbox 0 0 1295 3956">
     <span class='ocr_line' id='line_1_40' title="bbox 0 0 1295 3956; baseline 0 0"><span class='ocrx_word' id='word_1_330' title='bbox 0 0 1295 3956; x_wconf 95' lang='lat' dir='ltr'> </span> 
     </span>
    </p>
   </div>
  </div>
 </body>
</html>
