2580 3954
250 206 346 248 sresn
360 207 410 248 111.
437 206 507 249 osr.
522 197 566 254 66.
580 197 624 254 67.
654 186 693 270 [a.
711 189 743 250 C.
760 157 887 272 ese-446]
990 184 1052 260 189⁴

155 353 250 416 LXVI.
285 353 318 414 T.
340 351 493 423 Quinctius
515 352 694 434 Capitolinus
716 365 851 434 quartum
873 365 902 420 et
921 358 1080 438 Agrippa!

91 438 200 500 Furius
215 435 353 498 consules
365 438 434 499 inde
449 439 517 499 iacti
534 457 590 500 nee
606 439 780 501 seditionem
796 441 876 502 domi
899 459 956 503 nec
977 443 1050 504 loris

91 520 203 582 bellum
224 523 418 598 aeceperunt:
447 522 499 584 sed
516 521 680 584 inminebat
703 531 870 602 utrumque.
908 526 967 584 iam
990 533 1085 587 nont

91 604 168 666 ultra
183 604 330 666 discordia
347 605 454 665 civium
468 607 593 685 reprimi
603 612 720 685 poterat
734 613 763 668 et
776 606 904 668 tribunis
919 614 949 670 et
962 607 1050 687 plebe

90 689 210 749 incitata
227 689 259 748 in
278 694 393 766 patres,
414 705 482 749 cunr
505 689 568 752 dies
591 689 680 751 alicui
706 689 851 752 nobilium
870 692 947 753 dicta
967 695 1051 753 novis

90 789 210 850 semper
226 770 438 834 certaminibus
454 775 608 834 contiones
623 771 766 834 turbaret.
795 774 831 834 ad
848 792 973 853 quarum
989 777 1051 855 pri·
1069 787 1085 840 3

90 870 172 915 mnrn
189 856 344 932 strepitum
358 854 438 917 velut
449 857 534 934 signo
552 863 673 935 eccepto
688 874 770 916 arma
785 875 893 936 cepere
909 857 1003 937 Aequi
1017 877 1052 919 ac

90 937 204 1009 Volsci,
226 936 313 998 simul
329 939 407 1015 quod
424 946 632 1017 persuaserant
648 941 684 1000 iis
703 940 793 1002 duces
811 943 910 1020 cupidi
927 943 1051 1021 praeda·

89 1039 158 1082 rum
182 1019 304 1083 biennio
320 1029 387 1083 ante
403 1022 542 1083 dilectum
562 1023 706 1084 indictum
725 1022 834 1086 haberi
846 1042 906 1086 non
922 1027 1052 1104 potuisse

90 1103 241 1166 abnuente
262 1107 321 1165 iarn
342 1104 430 1183 plebe
450 1107 619 1184 imperium.
650 1125 686 1168 eo
709 1107 849 1169 adversus
863 1127 896 1170 se
910 1126 971 1189 nep
988 1128 1052 1170 esse
1069 1122 1086 1171 4

90 1188 198 1250 missos
215 1189 371 1250 exercitus.
403 1188 521 1258 dissolvi
544 1187 660 1250 lieentia
683 1189 827 1251 militandi
844 1210 974 1263 morem,
995 1211 1053 1254 nec

89 1289 147 1352 pro
164 1273 313 1332 communi
333 1273 392 1332 iarn
409 1273 504 1350 patria
519 1272 643 1334 Romam
667 1291 741 1335 esse.
776 1274 918 1352 quidquid
941 1277 1052 1336 irarum

90 1355 341 1434 simultatiumque
356 1373 423 1416 oum
436 1357 566 1418 externis
577 1355 681 1427 fuerit,
695 1358 726 1416 in
739 1358 821 1436 ipsos
835 1359 919 1420 uerti.
948 1375 1052 1422 occae-

90 1445 173 1500 catos
192 1438 278 1517 lupos
299 1440 436 1500 intestina
453 1437 537 1500 rabie
559 1440 747 1518 opprimendi
768 1442 955 1505 occasionem
977 1461 1052 1506 esse.

90 1523 259 1584 coniunctis
274 1521 452 1584 exercitibus
462 1523 596 1584 Latinum
608 1525 738 1602 primurn
748 1541 853 1602 agrum
865 1526 1054 1605 perpopulati
1071 1539 1086 1590 t

89 1612 175 1674 sunt:
194 1605 316 1677 deiude,
332 1613 486 1684 postquam
500 1606 543 1666 ibi
559 1624 648 1668 nemo
663 1607 770 1669 vindex
786 1609 977 1680 occurrebat,
990 1617 1053 1671 tum

88 1707 164 1751 vero
179 1689 376 1750 exultantibus
392 1687 465 1750 belli
486 1689 658 1752 auctoribus
672 1691 709 1750 ad
729 1693 847 1753 moenia
862 1695 926 1772 ipsa
940 1693 1053 1755 Romae

88 1771 296 1854 populabundi
310 1775 433 1852 regione
449 1781 553 1852 portae
563 1772 733 1852 Esquilinae
749 1793 902 1837 accessere
917 1777 1052 1837 vastatio-

88 1874 163 1919 nem
191 1873 330 1934 agrorum
351 1874 405 1935 per
428 1855 636 1918 contumeliam
659 1855 728 1917 urbi
748 1864 937 1920 ostentantes.
974 1859 1088 1925 uedeo

89 1947 249 2021 postquam
264 1938 351 2001 inulti
365 1939 507 2018 praedam
520 1958 593 2019 prae
608 1959 640 2002 se
654 1945 775 2018 agentes
785 1949 867 2002 retro
880 1943 917 2019 ad
929 1942 1053 2004 Corbio·

91 2041 164 2086 nem
181 2025 297 2100 agmine
314 2025 393 2094 iere,
416 2021 571 2092 Quinctius
595 2021 698 2085 consul
712 2024 748 2084 ad
767 2026 934 2087 contionem
957 2043 1053 2106 popu·

90 2106 155 2169 lum
169 2109 289 2168 vocavit.

155 2191 265 2252 LXVII.
293 2189 339 2252 lbi
353 2193 384 2251 in
399 2190 476 2252 hanc
491 2191 665 2252 sententiam
677 2189 808 2254 locutum
823 2193 951 2271 accipio:
976 2194 1053 2263 „etsi
1073 2198 1086 2250 1

91 2275 166 2338 mihi
182 2273 292 2336 nullius
308 2291 404 2336 norae
424 2275 574 2346 conscius,
600 2271 742 2345 Quirites,
764 2293 845 2346 sum,
870 2282 1053 2338 tamencum

91 2359 209 2440 pudore
231 2375 346 2420 summo
364 2359 395 2421 in
414 2359 582 2418 contionem
604 2365 730 2418 vestram
751 2360 892 2438 processi.
922 2358 980 2421 hoc
1001 2378 1053 2422 vos

92 2445 188 2513 scire,
204 2441 262 2503 hoo
276 2443 404 2520 posteris
415 2443 576 2504 memoriae
592 2441 732 2502 traditum
742 2442 795 2512 iri,
810 2441 927 2520 Aequos
944 2449 973 2503 et
985 2442 1053 2503 Vol-

92 2544 178 2596 scos,
196 2526 244 2585 vix
254 2525 391 2587 Hernicis
406 2525 494 2586 modo
509 2541 612 2603 pares,
628 2523 661 2584 Τ.
681 2521 818 2592 Quinctio
830 2531 967 2603 quartum
982 2543 1052 2586 con·

93 2608 159 2672 sule
182 2608 220 2668 ad
249 2610 365 2683 moenia
397 2608 480 2669 urbis
501 2608 613 2669 Romae
636 2608 749 2687 inpune
773 2614 901 2669 armatos
923 2609 1052 2670 venisse!

93 2694 172 2754 hanc
197 2705 251 2770 ego
270 2692 476 2770 ignominiam,
497 2709 673 2770 quamquam
692 2692 752 2751 iam
770 2689 820 2752 diu
834 2693 874 2752 ita
889 2693 1010 2764 vivitur,
1028 2693 1054 2752 is
1071 2699 1088 2747 2

93 2775 187 2838 status
202 2793 303 2837 rerum
321 2782 380 2846 est,
395 2783 428 2836 ut
439 2775 513 2835 nilril
527 2774 599 2836 boui
613 2775 724 2836 divinet
738 2775 870 2846 animus,
883 2777 908 2837 si
922 2774 1054 2856 buiepo·

93 2861 241 2920 tissimum
263 2860 419 2920 imminere
439 2875 517 2920 anno
544 2859 681 2930 scissem,
710 2858 756 2920 vel
777 2857 864 2920 exilio
887 2859 934 2920 vel
949 2868 1052 2930 morte,

95 2945 123 3004 si
134 2941 190 3001 alia
205 2941 273 3018 iuga
288 2943 411 3004 lionoris
422 2961 482 3004 non
496 2949 590 3014 esset,
603 2943 748 3004 vitassem.
781 2959 853 3022 ergo
870 2945 961 3005 sivirr
973 2962 1054 3005 arma
1071 2945 1088 3000 3

94 3025 147 3086 illo
167 3022 357 3096 habuissent,
380 3044 454 3104 quae
470 3029 502 3087 in
516 3029 610 3105 portis
629 3026 713 3088 luere
734 3029 858 3098 nostris,
881 3029 946 3106 capi
960 3026 1054 3088 Roma

94 3127 145 3194 rne
164 3105 286 3169 consule
308 3109 419 3187 potuiti
442 3111 512 3172 satis
535 3110 699 3182 bonorum,
720 3112 790 3192 satis
809 3128 957 3190 superque
979 3111 1053 3172 vitae

95 3199 175 3261 erat;
192 3193 269 3252 mori
283 3191 435 3254 consulem
445 3195 564 3255 tertium
580 3195 717 3272 oportuit.
744 3212 832 3272 quem
844 3194 959 3254 tandem
971 3195 1054 3272 igna-
1071 3201 1088 3253 4

95 3277 208 3337 nissimi
221 3274 351 3338 hostium
369 3277 591 3355 contempsere?
622 3295 677 3338 nos
692 3277 828 3340 consules
842 3295 880 3338 an
895 3295 960 3348 ros,
984 3275 1054 3346 Qui·

94 3358 189 3420 ritesi
219 3359 244 3420 si
266 3359 352 3440 culpa
374 3361 406 3421 in
428 3359 515 3422 nobis
533 3367 590 3432 est,
612 3360 726 3422 aulerte
741 3363 898 3441 imperium
914 3360 1053 3438 indignis,

95 3447 142 3510 et,
164 3443 187 3503 si
208 3443 238 3503 id
249 3461 355 3524 parum
370 3452 428 3524 est,
447 3446 570 3525 insuper
584 3461 695 3524 poenos
711 3446 854 3525 expetite:
877 3446 946 3506 siin
960 3443 1053 3515 uobis,
1070 3452 1088 3502 5
