2580 3954
274 204 369 245 menn
387 203 429 244 ιν.
457 202 525 244 car.
541 193 585 248 43.
603 184 642 261 [a.
659 182 712 242 Ob.
728 192 788 247 423.
805 189 866 254 422]
987 189 1048 252 237

96 359 155 420 est,
185 358 288 431 coepta
319 351 355 412 ab
377 348 554 430 duplicando
579 355 770 428 quaestorum
790 367 924 412 numero.
961 360 1082 428 quamq

96 453 160 496 rem
178 468 212 480 -
228 441 349 515 praeter
365 434 438 495 duos
453 431 584 494 urbanos
606 439 777 509 quaestores
795 433 853 494 duo
875 440 908 493 ut
922 432 1049 494 consuli·

97 518 153 579 bus
169 518 206 579 ad
221 518 384 579 ministeria
397 515 467 578 belli
481 522 599 594 praesto
615 522 713 576 essent
731 550 767 562 -
786 535 802 578 a
818 514 988 578 consulibus
1001 534 1049 576 re·

95 601 185 662 latam
201 619 269 662 cum
284 608 314 662 et
326 606 427 680 patres
441 617 556 662 summa
573 617 629 678 ope
646 597 874 678 adprobassent,
897 597 928 679 [a
943 617 1049 660 consu·

95 683 189 766 libus]
209 683 323 745 tribuni
344 683 427 763 plebi
448 689 598 744 certamen
616 681 797 754 intuderunt‚
819 689 853 743 ut
868 701 938 761 pars
959 701 1049 761 quae·

96 775 211 830 storum
227 785 348 828 -nam
369 767 405 828 ad
424 766 455 827 id
475 771 592 845 tempus
606 766 724 845 patricii
744 767 835 828 creati
860 772 945 828 erant
960 800 996 810 —
1013 785 1050 827 ex

97 850 183 930 plebe
198 852 292 912 fleret.
323 850 462 912 adversus
483 867 571 928 quam
588 850 733 911 actionem
748 852 845 929 primo
866 858 895 914 et
914 847 1050 911 consedes
1069 857 1085 908 t

96 941 126 996 et
140 939 239 1013 patres
255 953 369 996 summa
385 950 441 1012 ope
457 933 551 994 adnisi
565 939 647 994 sunt:
664 934 854 996 concedendo
868 934 989 1004 deinde,
1006 939 1049 1003 ut,

95 1036 185 1096 quem
200 1018 236 1079 ad
256 1019 376 1080 modum
394 1019 425 1077 in
438 1016 565 1077 tribunis
586 1015 733 1077 consulari
753 1023 897 1095 potestate
914 1016 1050 1078 creandis

96 1103 142 1162 usi
156 1108 239 1172 sunt,
255 1103 386 1180 adaeque
401 1102 432 1160 in
443 1097 649 1177 quaestoribus
662 1098 791 1161 liberum
806 1108 883 1162 esset
894 1100 1049 1162 arbitrium

96 1183 214 1264 populi,
239 1201 426 1263 comparum
444 1184 638 1261 proficerent,
662 1188 753 1243 totam
768 1201 833 1244 rem
857 1183 893 1244 de
914 1183 1048 1260 augendo

96 1275 285 1345 quaestorum
299 1283 425 1327 numero
440 1265 586 1326 omittunt.
617 1265 767 1342 excipiunt
778 1268 916 1327 omissam
927 1265 1048 1335 tribuni,
1067 1280 1084 1331 o

97 1349 230 1428 aliaeque
245 1349 389 1418 subinde,
410 1350 487 1410 inter
502 1365 575 1425 quas
593 1355 622 1408 et
636 1349 769 1425 agrariae
782 1348 871 1427 legis,
893 1342 1050 1410 seditiosae

80 1427 81 1432 ’
97 1434 227 1494 actiones
243 1434 386 1501 existunt;
408 1439 531 1511 propter
545 1448 620 1509 quos
635 1436 733 1493 motus
755 1450 823 1494 cum
844 1438 963 1494 senatus
979 1449 1048 1492 con·

96 1515 176 1578 sules
191 1534 279 1594 quam
293 1515 428 1577 tribunos
447 1515 543 1576 creari
562 1514 678 1585 mallet,
702 1533 798 1595 neque
812 1523 912 1596 posset
927 1533 982 1595 per
1003 1517 1049 1575 in·

96 1602 291 1662 tercessiones
312 1599 486 1660 tribunicias
500 1605 621 1662 sanatus
639 1599 806 1660 consultum
821 1601 902 1672 lieri,
924 1618 974 1660 res
992 1617 1048 1678 pu·
1067 1615 1082 1663 t

96 1683 174 1744 blica
185 1702 202 1744 a
213 1683 384 1746 consulibus
395 1684 432 1746 ad
445 1684 657 1760 interregnum,
673 1698 770 1761 neque
781 1682 810 1743 id
820 1686 917 1762 ipsum
931 1715 966 1727 -
980 1700 1049 1742 nam

98 1769 177 1828 coire
192 1768 330 1846 patricios
345 1766 457 1827 tribuni
473 1765 672 1844 prohibebant
690 1799 725 1810 -
745 1767 810 1827 sine
830 1765 989 1827 certamine
1004 1766 1050 1824 in·

97 1851 192 1928 genti,
214 1850 300 1912 redit.
336 1868 403 1910 eum
418 1866 488 1928 pars
504 1850 598 1910 maior
611 1849 793 1927 insequentis
807 1851 877 1911 anni
887 1866 942 1929 per
958 1866 1049 1910 novos
1067 1869 1084 1921 8

97 1931 232 1994 uibunm
246 1931 327 2012 plebi
341 1939 372 1994 et
386 1933 498 2010 aliquot
511 1933 676 2010 interreges
693 1933 904 1994 certaminibus
919 1938 1049 1995 extracta

98 2023 176 2076 esset
190 2017 277 2076 modo
293 2013 520 2096 prohibentibus
534 2014 662 2075 tribunis
675 2018 816 2095 patricios
832 2017 912 2077 coire
927 2017 963 2077 nd
979 2034 1048 2094 pro·

97 2099 226 2160 dendnm
248 2101 441 2178 interregem,
466 2098 554 2160 modo
579 2100 759 2176 interregem
781 2098 1048 2179 interpellantibus,

96 2200 134 2244 ne
158 2190 276 2244 senatus
300 2183 465 2245 consultum
486 2182 523 2244 de
551 2183 676 2243 comitiis
703 2183 908 2246 censuarium
928 2184 1048 2254 laceret,

96 2273 247 2346 postremo
268 2267 300 2328 L.
316 2267 451 2346 Papirius
471 2264 635 2344 Mugilanus
655 2267 789 2345 proditus
809 2269 942 2329 interrex
964 2267 1084 2334 casti-o

96 2349 192 2428 gando
214 2367 294 2411 nunc
316 2359 416 2429 patres
434 2367 514 2410 nunc
537 2347 672 2410 tribunos
693 2349 774 2429 plebi
797 2352 943 2412 desertam
961 2351 1049 2412 omis·

96 2451 218 2512 samque
233 2432 270 2495 ab
285 2433 454 2496 bominibus
468 2451 532 2494 rem
546 2431 711 2511 publicam,
727 2434 851 2495 deorum
865 2435 1049 2512 providentia

97 2534 227 2594 curaque
244 2524 396 2596 exceptam
413 2515 596 2577 memorabat
605 2514 775 2577 Veientibus
791 2517 912 2578 indutiis
931 2523 960 2578 et
977 2534 1048 2577 eun·

97 2601 225 2660 ctstione
241 2601 410 2677 Aequorum
424 2607 511 2658 stare.
542 2597 620 2658 unde
637 2599 662 2658 si
679 2599 749 2676 quid
768 2601 939 2678 increparet
952 2606 1049 2660 terro·
1070 2615 1100 2666 ιο

95 2684 154 2752 ris,
182 2683 245 2743 sine
264 2684 387 2762 patricio
408 2682 580 2758 magistratu
600 2679 720 2759 placere
742 2700 806 2745 rem
826 2683 976 2762 publicam
997 2702 1049 2761 op-

95 2767 202 2845 primit
235 2783 295 2826 non
315 2766 492 2835 exercitum,
515 2781 576 2824 non
595 2764 702 2826 ducem
727 2765 884 2828 scribendo
906 2768 1049 2830 exercitui

96 2849 180 2912 esset
206 2866 245 2910 an
257 2849 337 2911 bello
357 2849 495 2911 intestino
509 2846 621 2909 bellum
637 2854 792 2912 externum
806 2850 1049 2930 proprdsaturos?

96 2951 172 3012 quae
195 2934 220 2994 si
238 2933 270 2993 in
291 2951 384 2994 unum
404 2932 595 3002 conveniant,
618 2933 665 2992 vix
687 2932 812 2995 deorum
833 2936 955 3015 opibus,
977 2935 1048 3014 quin
1068 2945 1097 2995 ιι

97 3015 241 3076 obruatur
257 3015 387 3078 Romana
402 3033 466 3086 res,
488 3015 586 3077 resisti
602 3033 699 3093 posse.
731 3017 857 3096 quinidi
871 3019 1048 3081 remittendo

96 3101 267 3161 desummo
289 3103 413 3178 quisque
436 3100 510 3160 iuris
529 3098 634 3160 mediis
654 3100 828 3180 repedarent
850 3101 1048 3171 corrcordiam,

96 3189 194 3264 patres
208 3183 346 3262 patiendo
361 3182 497 3243 tribunos
511 3181 637 3243 militum
649 3200 705 3261 pro
718 3183 888 3246 consulibus
898 3186 978 3256 fleri,
995 3185 1049 3244 tri-
1068 3190 1100 3242 12

96 3265 168 3328 buni
182 3265 262 3346 plebi
282 3284 342 3327 non
359 3266 584 3335 intercedendo,
605 3282 664 3343 quo
687 3268 784 3329 minus
799 3275 939 3346 quattuor
959 3285 1048 3347 quae-

12 3409 13 3414 ,
95 3357 191 3492 etqreq
205 3351 352 3429 promisce
368 3351 404 3413 de
425 3348 512 3429 plebe
531 3366 565 3410 ao
578 3350 712 3427 patribus
725 3349 820 3413 libero
840 3351 979 3430 suffragio
994 3371 1048 3431 po·

11 3437 12 3504 j
95 3431 158 3514 pui
193 3441 285 3496 erent.
