2534 3956
180 185 243 250 346
315 197 412 240 arsura
427 195 471 240 vr.
495 196 566 242 cnr.
582 187 625 242 33.
638 188 682 244 nt.
701 178 744 257 [a.
755 197 789 239 n.
806 199 832 239 c.
847 185 899 244 sn
911 179 1006 258 (³78ss

180 361 282 410 arcem
301 345 680 424 oppidanireiugerecun
688 344 867 424 comug‘titts
881 361 916 405 ac
922 343 1048 416 tiberis,
1063 359 1142 408 nun·
1237 417 1238 427 ἶ

179 433 297 508 uosque
310 428 452 500 iiomarn,
471 429 525 506 qui
546 431 704 490 certionem
725 428 763 490 de
784 446 840 490 suo
853 443 925 490 casu
945 437 1080 490 senatum
1093 430 1141 493 ia-

146 519 164 572 8
181 521 301 584 oereut,
322 515 441 588 misere.
469 511 691 590 iiauisegnies
713 511 877 590 quamiide
895 511 999 666 poguii
1015 513 1140 574 iiorncni

180 599 305 676 (iignum
325 597 382 657 tait
396 597 549 670 exercitus
565 594 724 657 roseum
745 596 858 657 tinctus.
886 597 918 658 L.
962 598 1088 658 uinctitts
1110 597 1141 660 e't

145 682 302 744 enervius
317 679 471 759 -srtpretus
481 678 597 740 tribuni
613 678 739 740 militum
754 679 874 740 duxere.
909 677 1024 742 clausas
1040 685 1141 758 portas
1235 700 1237 721 ¹

178 763 301 827 iusum
313 763 496 842 inatinosque
510 762 598 825 simui
619 763 818 839 obsidentium
838 770 926 840 atque
948 761 1141 838 obsessorum

178 850 280 911 antino
294 847 365 908 hinc
385 849 502 920 moenia
515 839 637 908 Tusculi
651 848 729 907 tucri
743 846 858 916 vitient,
876 843 1074 908 ritinearcem
1084 857 1141 926 ope

130 940 332 1016 inpugnare,
352 934 470 992 terrere
490 947 550 990 una
568 943 605 990 ¹ac
625 939 743 1008 pavere.
778 929 919 992 adventus
938 929 1142 991 Rornanorum
1238 954 1241 975 =

179 1021 343 1076 munvmat
356 1015 510 1091 utriusque
523 1014 616 1092 partis
632 1013 758 1074 animos:
780 1011 965 1075 Tusculanos
978 1021 1015 1075 e'x
1026 1013 1143 1091 nigenii

179 1107 260 1160 metu
278 1101 310 1158 in
331 1108 476 1160 summam
492 1095 687 1167 alacritatem,
709 1095 882 1158 Latinosex
897 1104 1087 1176 propeterea
1107 1097 1142 1156 ti·

180 1182 266 1244 ducia
280 1179 350 1242 nior
361 1181 521 1258 capiendae
533 1183 625 1251 arcis,
639 1181 782 1258 quoniam
789 1181 898 1259 oppido
908 1182 1091 1260 potirentur,
1109 1181 1142 1240 in

130 1274 161 1326 tl
180 1267 315 1343 exiguam
331 1265 368 1326 de
385 1266 500 1342 seipsis
515 1269 744 1342 spemverterat.
769 1262 884 1324 tollitur
896 1273 933 1326 etr
943 1275 1013 1324 arco
1024 1262 1141 1324 elamor

179 1351 216 1410 ab
233 1347 422 1416 Tusculanis
439 1349 588 1426 excipitur
598 1346 872 1424 moranumanre
884 1346 924 1408 ab
937 1345 1142 1410 exsecutio·

178 1449 276 1493 mano.
306 1433 457 1508 utrimque
469 1430 948 1510 urgentur'Latini2nccirnpetus
957 1430 1142 1508 tusculano·

177 1533 246 1575 rum
258 1515 481 1577 deorurentium
492 1531 529 1576 en
539 1515 696 1594 superiore
710 1513 777 1576 ioco
788 1515 947 1586 *sustinent
964 1514 1141 1578 neeiioma·

178 1615 234 1659 nos
253 1597 415 1659 subeuntes
434 1599 550 1660 moenia
573 1593 790 1676 molientesque
807 1596 909 1661 obices
923 1605 1076 1678 portarum
1092 1616 1142 1659 ar-

130 1690 161 1744 12
178 1695 248 1745 cere
258 1687 390 1760 possunt
419 1679 506 1744 scalis
514 1683 600 1762 prius
609 1683 729 1742 moenia
739 1687 835 1760 captu
846 1681 915 1744 inde
925 1681 1050 1743 eiiraeta
1060 1680 1141 1742 cieu-

177 1773 237 1827 stra
251 1771 414 1843 portarum.
445 1772 474 1826 et
484 1780 552 1826 curn
565 1779 676 1843 anceps
685 1765 779 1826 hostis
791 1771 821 1825 ct
835 1765 965 1826 attente
977 1772 1007 1826 et
1022 1781 1040 1826 a
1053 1771 1141 1843 tergo

176 1855 310 1925 urgeret,
327 1855 384 1909 nec
399 1847 435 1908 ad
452 1862 580 1926 pugnarn
595 1846 655 1908 ulia
670 1850 714 1909 ris
727 1862 786 1909 nec
800 1848 837 1908 ati
855 1849 958 1926 frigam
973 1847 1033 1909 ioci
1054 1849 1141 1926 quio·

177 1943 266 2008 quarn
285 1937 469 2010 superesset,
485 1931 628 1993 inmerito
650 1933 728 1993 caesi
746 1931 782 1992 ad
798 1947 891 1992 unum
906 1946 1019 1992 ornnes.
1052 1946 1141 2004 recu·

175 2020 279 2094 perata
301 2013 337 2074 ab
356 2011 497 2076 nostibus
519 2013 647 2076 masculo
670 2015 817 2076 exercitus
837 2015 964 2076 nomam
983 2023 1028 2076 est
1049 2015 1141 2076 redu·

178 2105 253 2159 ctus.

145 2195 159 2248 1
240 2177 367 2244 xxxiv.
398 2178 513 2248 Quanto
527 2183 621 2256 magis
631 2181 788 2259 prosperis
803 2197 840 2242 eo
857 2196 935 2242 anno
950 2179 1037 2243 hellis
1056 2187 1141 2242 tron-
1246 2236 1250 2249 ,

178 2261 268 2342 quilla
280 2264 379 2323 omnia
390 2259 469 2320 ‘ioris
486 2268 587 2332 erant,
604 2269 687 2324 tanto
702 2265 735 2323 in
748 2263 826 2326 urbe
839 2265 1014 2343 tis'patrunr
1028 2265 1059 2324 in
1073 2264 1141 2326 ffies

176 2347 372 2420 miseriaeque
383 2341 479 2421 plebis
491 2342 679 2414 crescebant,
695 2338 763 2406 cunr
779 2365 815 2408 eo
825 2349 908 2427 ipso,
922 2348 1003 2426 quod
1014 2363 1141 2410 necesse

141 2440 159 2490 2
177 2436 241 2491 erat
255 2425 343 2496 solvi,
366 2424 489 2489 facultas
502 2425 636 2488 solvendi
649 2429 844 2506 inpediretur.
876 2432 978 2508 itaque
990 2447 1062 2491 cum
1077 2431 1140 2490 iam

176 2529 213 2574 ex
233 2529 268 2572 re
287 2507 362 2570 nihil
380 2507 445 2570 dari
466 2518 582 2589 posset,
604 2511 681 2571 tama
701 2517 730 2572 et
753 2525 882 2589 corpure
904 2514 1025 2573 tunicati
1044 2517 1140 2588 atque

175 2593 285 2657 atitiicti
310 2592 509 2654 creditoribus
537 2593 770 2665 satisfaciebant,
798 2611 954 2672 poenaque
978 2597 1015 2654 in
1043 2595 1140 2656 vicem

139 2683 158 2736 3
175 2678 245 2740 fidei
269 2683 407 2738 cesserat.
444 2677 518 2739 adeo
539 2692 610 2754 ergo
631 2676 775 2739 obnoxios
793 2679 1004 2740 summiserant
1023 2679 1141 2740 anirnos

175 2771 236 2822 non
250 2761 344 2820 infimi
358 2759 454 2828 solum
469 2759 521 2822 sed
538 2761 689 2839 principes
702 2761 791 2823 etiarn
800 2759 907 2840 piebis,
929 2772 963 2821 ut
976 2775 1036 2822 non
1047 2761 1139 2823 modo

176 2845 214 2905 ad
237 2842 422 2904 tribunatum
442 2842 569 2904 militurn
591 2845 670 2905 inter
691 2847 833 2924 patricios
851 2845 1027 2923 petendum,
1056 2845 1140 2922 qnod

139 2933 159 2983 4
177 2929 296 2988 tentavi
306 2935 339 2986 ut
351 2925 457 2988 liceret
466 2926 689 2998 tentenderant,
705 2928 758 2988 sed
772 2943 811 2988 ne
822 2929 860 2990 ad
870 2927 1005 3008 plebeios
1016 2928 1139 3005 qrridcnr

175 3012 362 3088 magistratus
372 3010 576 3089 capessendos
592 3010 794 3088 petendosque
806 3010 862 3072 uili
876 3014 940 3073 viro
959 3014 1024 3073 acri
1047 3028 1139 3092 expe·

174 3095 323 3172 rientiqne
339 3095 454 3155 annuus
470 3100 560 3164 esset,
573 3095 852 3173 possessionemque
866 3095 990 3157 honoris
1002 3096 1140 3175 usmpau

175 3174 264 3237 morio
279 3181 295 3236 a
301 3175 394 3260 plebe
406 3194 463 3256 per
471 3194 586 3257 paucos
598 3193 692 3239 annos
702 3193 897 3257 recuperasse
910 3181 942 3239 in
956 3185 1139 3258 perpetuum

174 3268 274 3338 patres
288 3260 468 3322 titierentur.
498 3276 539 3322 ne
556 3261 587 3322 id
606 3261 696 3322 ntrnts
717 3259 828 3322 iactum
848 3265 926 3342 parti
939 3261 1025 3324 citeri
1045 3271 1139 3332 esset,
1261 3265 1262 3268 ’

173 3357 281 3423 parva,
296 3351 329 3405 ut
340 3343 516 3433 pierumque
529 3344 620 3417 solet,
635 3361 700 3408 rern
719 3345 870 3424 ingentem
884 3345 1028 3407 moiiundi
1046 3363 1139 3407 musa
1261 3337 1262 3392 t

173 3427 341 3489 mtervenit
