2572 3956
217 226 258 290 92
353 240 448 283 nmen
463 241 499 283 11.
537 237 607 284 oue.
625 232 668 286 30.
687 231 729 285 31.
757 223 795 300 [a.
811 241 840 280 n.
857 241 883 281 e.
898 230 959 284 260·
975 218 1035 300 261]

218 389 310 468 quieti
330 395 486 458 steterant,
508 389 639 466 vigentes
661 386 838 467 corporibus
858 386 945 449 facile
963 386 1061 465 adepti
1081 385 1176 450 fessos

219 479 248 534 et
266 479 360 534 castra
373 475 485 550 impetu
500 478 653 550 ceperunt,
670 475 816 532 cleastris
833 478 952 532 exutum
966 469 1082 531 hostem
1098 470 1176 533 Veli·

215 561 277 617 tras
297 557 527 634 persecutiuno
550 556 667 632 agmine
690 557 816 616 uctoms
838 571 906 615 eum
926 555 1008 614 victis
1022 554 1054 613 in
1069 552 1177 616 urbem

216 640 367 718 inrupere.
401 637 526 718 plusque
541 637 582 698 ihi
597 639 749 716 sanguinis
764 639 933 718 promiscua
943 638 1075 698 omnium
1085 654 1176 714 gene·

216 739 284 784 rum
300 722 390 784 caede
406 738 494 799 quam
509 723 539 782 in
554 723 618 802 ipsa
634 722 821 783 dimicatione
840 721 960 784 factum.
991 722 1093 800 paucis
1108 721 1176 782 data

216 807 310 876 venia,
326 806 377 882 qui
395 807 524 867 inermes
541 807 572 865 in
588 805 767 867 deditionem
783 812 936 867 venerunt.

185 900 199 952 1
280 888 381 949 xxxi.
413 888 489 949 Dum
512 887 586 950 haec
607 891 639 949 in
660 887 772 950 Volscis
795 895 954 966 geruntur,
975 888 1101 950 dictator
1123 887 1176 949 Sa-

216 971 319 1042 binos,
340 971 392 1032 uhi
411 971 500 1050 longe
519 970 680 1050 plurimum
693 970 766 1033 belli
780 972 893 1042 luerat,
915 971 1011 1032 fundit
1025 970 1176 1048 fugatque,

183 1057 298 1119 texuit
324 1057 437 1116 castris.
483 1057 614 1134 equitatu
632 1057 754 1116 inmisso
778 1057 905 1117 mediam
927 1054 1097 1117 turbauerat
1121 1052 1176 1115 ho·

217 1139 304 1200 stium
319 1139 429 1210 aciem,
448 1156 521 1217 qua,
546 1138 615 1200 dum
628 1158 660 1201 se
675 1156 787 1201 cornua
805 1138 891 1201 latius
905 1139 1054 1218 pandunt,
1069 1153 1178 1217 parum

217 1229 283 1302 apte
299 1223 462 1283 introrsum
481 1221 637 1284 ordinibus
651 1222 744 1284 aciem
759 1215 961 1290 lirniaverant;
976 1219 1110 1282 turbatos
1122 1237 1176 1299 pe·

217 1305 269 1367 des
292 1306 406 1368 inuasit
447 1305 550 1368 eodem
571 1308 683 1386 impetu
707 1312 802 1368 castra
828 1313 912 1385 capta
938 1301 1181 1381 debellatumque

59 1397 203 1454 “st
221 1397 273 1451 est.
303 1397 371 1468 post
387 1407 516 1468 pugnam
534 1389 571 1452 ad
590 1389 737 1468 Regillum
753 1389 851 1451 lacum
867 1406 928 1450 non
942 1388 999 1449 alia
1014 1387 1073 1448 illis
1090 1387 1178 1450 annia

217 1489 316 1552 pugna
331 1471 440 1533 clarior
454 1473 518 1534 nnc
548 1472 673 1534 dictator
692 1472 878 1552 triumphans
894 1471 1000 1534 urbem
1016 1469 1176 1532 invehitur.

217 1573 308 1634 super
330 1555 432 1618 solitos
451 1555 582 1618 honores
600 1555 685 1618 locus
704 1557 736 1615 in
756 1557 837 1617 circo
857 1557 915 1636 ipsi
934 1556 1120 1635 posterisque
1138 1553 1176 1616 ad
1282 1559 1283 1612 l

182 1646 200 1697 l
217 1637 419 1717 spectaculum
440 1638 538 1709 datus,
560 1639 633 1702 sella
657 1641 688 1700 in
703 1657 739 1701 eo
752 1639 826 1701 loco
842 1638 953 1700 curulis
968 1639 1073 1718 posita.
1107 1636 1175 1698 Vol·

217 1723 276 1783 scis
300 1721 422 1784 devictis
443 1721 609 1785 Veliternus
634 1740 706 1802 ager
727 1723 895 1802 ademptus,
922 1721 1047 1784 Velitras
1076 1719 1176 1781 coloni
1282 1741 1283 1760 ι

182 1803 253 1866 tab
276 1805 352 1867 urhe
372 1807 455 1867 missi
475 1813 504 1868 et
525 1805 641 1868 colonia
662 1807 796 1869 deducta.
825 1807 897 1868 Cum
912 1806 1021 1883 aequis
1040 1811 1108 1883 post
1122 1802 1175 1864 ali·

216 1895 326 1966 quanto
348 1895 511 1969 pugnatum
532 1897 577 1951 est
595 1892 685 1952 inrito
710 1889 829 1968 quidem
850 1888 986 1959 consule,
1017 1889 1085 1966 quia
1105 1886 1174 1948 loco

214 1972 318 2049 iniquo
335 1972 523 2052 subeundum
538 1971 648 2036 eratali
662 1972 778 2042 hostes;
797 1973 848 2036 sed
862 1972 970 2034 milites
983 1971 1097 2034 extrahi
1108 1987 1175 2031 rem

215 2057 420 2127 criminantes,
443 2063 476 2117 ut
496 2056 636 2126 dictator,
657 2057 910 2135 priusquamipsi
931 2054 1175 2118 redirentinur·
1282 2105 1283 2132 p

214 2135 293 2209 bem,
308 2141 480 2218 magistratu
497 2136 602 2210 abiret,
618 2141 767 2217 irritaque
782 2141 859 2202 sicut
874 2137 1086 2206 antevccnsulis
1103 2155 1175 2216 pro·
1282 2133 1283 2218 l

214 2222 302 2282 missa
319 2225 383 2284 eius
397 2222 546 2292 caderent,
564 2221 734 2300 perpulere,
754 2230 786 2283 ut
800 2223 878 2285 forte
892 2227 1006 2284 temere
1021 2223 1054 2282 in
1069 2222 1174 2284 adver·
1282 2255 1283 2296 3

180 2303 263 2365 oses
284 2305 392 2366 montis
412 2320 519 2381 agmen
540 2306 678 2382 erigeret.
709 2307 740 2367 id
760 2305 837 2366 male
852 2307 1042 2366 commissum
1058 2304 1175 2382 ignaria
1282 2309 1283 2374 ἢ

213 2385 343 2447 hostiurn
363 2387 396 2446 in
415 2385 528 2448 bonum
548 2388 649 2458 vertit,
675 2389 742 2465 qui,
764 2389 938 2467 priusquam
954 2389 992 2449 ad
1007 2389 1175 2449 coniectum
1282 2391 1283 2468 l

213 2467 265 2530 teli
285 2470 450 2539 veniretur,
475 2468 670 2548 obstupefacti
690 2471 812 2532 audacia
832 2471 1035 2532 Romanorum
1061 2468 1174 2532 relictis
1282 2479 1283 2510 l

213 2553 332 2622 eastris,
348 2569 424 2630 quae
439 2553 814 2616 munitissimis.tenuerant
827 2553 918 2624 locis,
933 2554 963 2614 in
979 2571 1097 2616 aversas
1112 2551 1174 2614 ral-
1282 2543 1283 2600 l

212 2632 257 2696 les
271 2635 434 2702 desiluere;
454 2633 506 2696 ubi
521 2637 592 2696 satis
612 2637 739 2714 praedae
756 2644 786 2698 et
799 2638 920 2698 victoria
936 2638 1092 2698 incruenta
1108 2637 1173 2698 luit

179 2727 196 2778 t
274 2715 316 2778 lta
337 2718 482 2778 trifariam
506 2735 541 2780 re
570 2716 649 2780 bello
674 2719 752 2782 bene
776 2726 857 2798 gesta
881 2720 919 2782 de
945 2719 1174 2782 domesticarum

213 2817 315 2862 rerum
337 2810 443 2862 eventu
467 2818 524 2863 nec
546 2801 681 2880 patribus
700 2821 757 2865 nec
779 2802 862 2882 plebi
888 2821 959 2864 cura
986 2803 1171 2866 decesserat:
1282 2837 1283 2842 ι

213 2890 292 2944 tana
319 2901 388 2944 cum
414 2884 507 2961 gratia
529 2891 593 2945 tum
617 2893 681 2948 arte
705 2895 954 2966 praeparauerant
975 2887 1171 2956 feneratores,

213 2983 290 3045 quae
315 2984 376 3027 non
396 2967 485 3027 modo
499 2965 618 3046 plebem
633 2970 685 3030 sed
699 2971 796 3049 ipsum
813 2973 900 3032 etiam
916 2972 1092 3033 dictatorem
1109 2970 1172 3030 iru-

52 3047 55 3053 ’
178 3057 388 3112 satiarentur.
431 3067 560 3128 namque
580 3050 713 3114 Valerius
733 3060 801 3132 post
820 3055 920 3116 Vetusi
941 3053 1070 3116 considis
1090 3055 1170 3116 redi·
1282 3047 1283 3066 ³

213 3139 274 3195 tarrn
289 3135 422 3195 omnium
443 3135 592 3196 actionum
613 3137 766 3199 insonate
788 3138 914 3215 primam
932 3137 1036 3199 hahuit
1056 3155 1113 3217 pro
1128 3137 1171 3197 ri·

213 3223 295 3278 ctore
319 3217 447 3297 populo,
474 3217 649 3296 retulitque,
677 3219 747 3299 quid
768 3219 806 3281 de
832 3223 917 3282 nexis
940 3221 1006 3283 lieri
1026 3219 1168 3300 placeret

178 3311 195 3364 t
212 3316 287 3377 quae
305 3318 371 3360 cunr
386 3302 496 3362 reiecta
510 3300 615 3363 relatio
631 3311 716 3374 esset,
735 3320 814 3374 „nen
829 3303 953 3384 placeo“
967 3305 1063 3382 inquit
1077 3321 1171 3374 „con-

213 3383 331 3444 cordiae
351 3391 463 3445 auctor.
497 3384 650 3464 optabitis,
665 3405 713 3448 me
725 3386 795 3448 dius·
804 3388 906 3458 lidius,
923 3405 1017 3467 prope
1033 3387 1121 3457 diem
1137 3393 1171 3448 ut

163 3479 195 3532 ιο
211 3468 270 3528 mci
285 3465 395 3530 similes
411 3466 542 3530 Romana
557 3467 654 3548 plebis
671 3477 811 3551 patronos
825 3469 940 3533 haheat.
975 3471 1054 3551 quod
1068 3470 1104 3532 ad
1120 3487 1170 3531 me
1282 3519 1283 3536 .
