2522 3954
280 254 327 301 nn
350 253 422 301 ’mut
441 254 527 301 LIVII
549 255 695 302 Vtuntur
719 254 882 305 scutrum.
969 259 1053 306 nxnt

93 419 224 473 ornatum
239 412 272 469 ad
287 411 428 469 historiam
443 411 576 476 attulisse,
597 430 657 470 curu
677 413 802 486 aequales
818 414 875 471 eins
890 415 961 472 haud
976 416 1057 474 dubie

94 497 165 554 idem
182 493 325 559 sentirent,
343 495 415 570 quod
431 505 529 570 postea
543 495 724 564 Quintilianus
732 490 782 570 ¹⁹¹)
797 497 898 562 docuit,
914 498 1056 556 historiam

94 596 155 638 esse
176 596 327 654 proximam
341 587 439 653 poetis,
457 587 485 636 et
497 580 612 654 quodam
626 581 706 637 modo
721 597 828 638 cannen
842 580 969 645 solutum,
986 598 1056 639 eam·

95 679 148 739 que
167 661 250 720 scribi
268 663 301 719 ad
318 663 479 719 narrandum
503 679 558 719 non
579 664 611 720 ad
626 664 803 738 probandum,
827 672 969 739 totumque
987 683 1056 740 opus

95 763 150 804 nou
167 746 201 803 ad
223 755 312 804 actum
335 747 375 803 rei
397 763 571 821 pugnamque
587 755 772 821 praesentem,
790 749 837 806 scd
852 747 884 806 ud
899 750 1056 807 memoriam

95 829 269 906 posteritatis
280 837 308 886 et
321 829 421 904 ingenii
429 831 527 888 lamam
539 831 674 905 componi,
683 839 796 889 uttauto
809 831 933 890 historici
945 849 1056 890 munere

96 922 170 972 recte
186 914 349 988 iungeretur
360 930 447 989 prone
460 915 570 989 poetico
588 915 689 988 spiritu
705 921 823 990 sumpto,
840 933 910 990 quae
925 917 959 973 ad
977 933 1057 976 orna·

97 1007 154 1055 tum
169 997 355 1072 recipiendum
368 1005 430 1072 apta
445 997 580 1055 iudicabat
591 1005 728 1072 tamquam
741 1000 839 1057 artilex
853 998 930 1058 cultu
945 1000 1056 1058 decore·

97 1098 149 1156 que
162 1088 307 1156 poetarum
320 1081 413 1137 induta
427 1080 639 1156 laetissimisque
648 1081 788 1140 coloribus
796 1082 932 1141 illustrata
939 1082 1018 1159 legen
1023 1086 1055 1141 ti·

95 1164 147 1222 hus
162 1163 324 1239 proposuit,
343 1172 375 1222 ut
391 1181 422 1221 ea
438 1164 538 1221 intueri
553 1163 709 1222 viderentur
727 1183 872 1242 rerumque
892 1168 1054 1242 maguitudi-

96 1265 157 1306 nem
176 1248 264 1305 auimo
280 1249 452 1323 perciperent
472 1256 500 1305 et
519 1247 725 1306 admirarentur.
762 1250 799 1306 Ex
814 1257 933 1324 utroque
947 1267 1056 1325 genere,

96 1340 124 1390 et
143 1332 267 1389 oratorio
288 1341 316 1388 et
330 1332 447 1407 poetico,
464 1332 593 1407 frequens
610 1330 699 1388 oritur
721 1331 869 1406 figurarum
887 1350 967 1396 usus,
992 1351 1056 1408 pro-

96 1416 278 1490 sopopoeiae,
296 1417 485 1490 metaphorae,
501 1415 668 1490 amphorae,
684 1414 804 1481 ehiasmi,
819 1415 941 1481 aliarum,
958 1417 1056 1492 quibus

98 1509 234 1574 tamquam
256 1497 403 1556 lummihus
421 1500 572 1557 orationem
591 1499 737 1572 distinguit
756 1509 785 1558 et
804 1501 839 1558 ad
858 1501 940 1558 animi
959 1518 1054 1560 sensus

95 1583 255 1642 reconditos
271 1583 414 1658 perspicue
428 1591 456 1640 et
471 1583 591 1658 maniter
608 1583 797 1657 exprimendos
812 1585 901 1642 reddit
915 1585 1054 1660 aptiorem

94 1669 208 1726 Praeter
229 1684 308 1741 quam
323 1666 454 1724 orationis
468 1666 690 1742 perspicuitatem
713 1676 741 1724 et
758 1666 950 1725 sublimitatem
965 1668 1055 1726 laudat

96 1749 281 1820 Quintilianus
297 1751 327 1814 X,
344 1759 368 1815 l,
385 1758 434 1810 101
452 1751 546 1807 miram
561 1751 589 1807 ln
605 1751 739 1808 narrando
753 1751 947 1809 iucunditatem
962 1751 1056 1810 claris·

98 1836 254 1909 simumque
273 1835 425 1898 candorem,
446 1851 560 1909 quarum
576 1833 623 1890 illa
641 1835 669 1890 in
688 1851 720 1891 eo
736 1835 908 1910 potissimum
922 1836 1056 1909 conspici·

96 1926 150 1984 tur,
167 1920 241 1994 quod
259 1935 303 1976 res
321 1919 357 1976 ita
372 1926 526 1981 narrantur,
540 1925 572 1974 ut
586 1926 614 1974 et
628 1917 753 1992 placeant
770 1927 798 1976 et
813 1918 918 1975 animos
936 1917 1056 1992 permul-

95 2009 183 2066 ceant,
200 2003 243 2060 hio
259 2010 357 2065 autem,
376 2003 408 2060 ad
422 2018 518 2076 puram
534 2008 615 2076 atque
632 1999 796 2059 luculentum
810 2018 953 2077 veramque
968 2017 1056 2077 neque

96 2087 214 2161 argutiis
233 2087 348 2144 fucatam
363 2093 547 2143 narrationem
562 2092 690 2159 pertinet.
719 2087 759 2142 hd
773 2087 840 2143 haec
852 2085 956 2143 accedit
971 2084 1056 2144 lactea

96 2169 142 2228 illa
159 2163 340 2242 uberus102),
356 2169 430 2226 Livio
448 2169 486 2226 ita
499 2167 654 2243 peculiaris,
670 2176 703 2226 ut
715 2168 896 2238 Quintilianus
912 2187 969 2226 cam
984 2168 1056 2227 velo·

95 2253 173 2312 citati
190 2262 219 2310 et
237 2251 363 2310 brevitati
378 2251 557 2310 Sallustianae
573 2253 741 2328 opposuerit,
757 2270 813 2312 nou
828 2253 916 2310 solnm
932 2254 960 2309 in
978 2254 1056 2328 copia

98 2337 242 2395 eerborum
264 2337 516 2410 sententiarumque
533 2353 694 2410 conspicua,
720 2338 767 2394 sed
789 2338 869 2396 etiam
891 2338 918 2395 iu
939 2337 1055 2395 dilucida

96 2421 238 2479 hominum
258 2437 404 2494 rerumque
419 2421 617 2495 descriptione,
633 2437 692 2476 curn
711 2419 779 2477 aliae
794 2429 858 2496 post
873 2421 939 2478 alias
954 2430 1054 2497 partes,

167 2580 225 2645 tol)
243 2584 300 2633 lust.
314 2599 348 2634 or.
363 2585 389 2641 X,
403 2582 425 2640 l,
437 2582 483 2641 31:
501 2585 621 2648 copiosius
638 2598 689 2633 earn
701 2598 751 2633 rem
764 2585 869 2647 exposuit
880 2585 997 2634 Lucienus
1010 2585 1025 2634 l.
1038 2583 1054 2633 l.

96 2648 114 2713 8
131 2649 179 2699 45:
203 2642 288 2727 nociti
310 2642 476 2727 pivyvto'pq
495 2647 663 2728 noevopedsor
681 2646 730 2700 καὶ
747 2644 955 2730 προσριπιέσθω
968 2666 994 2700 τι
1006 2645 1055 2700 καὶ

96 2715 864 2845 ποῖητῗι1111116333ἓέεέῗὲἕῖἷῖἰὶἴαῖε(111μὶ11
881 2714 938 2834 111
950 2707 1056 2841 ‘iiiii

96 2798 300 2928 zeffpoi‘ts'moeg
321 2843 418 2927 despuet
436 2800 491 2915 γὰρρ
505 2843 568 2901 τότε
583 2799 739 2916 recenserem}
752 2867 829 2909 τινος
846 2841 899 2901 oivr'
921 2799 957 2901 σε
972 2799 1051 2901 lituu·

97 2909 250 2980 ριάσαντος
267 2933 302 2967 τα
321 2933 433 2968 causton
457 2909 475 2982 ἡ
490 2912 564 2980 λέξις
582 2911 615 2968 di
632 2933 707 2982 ομως
726 2909 773 2969 het
790 2916 886 2983 γῆςβε
906 2911 1004 2983 quitur,
1016 2915 1055 2980 aqi

97 2977 149 3048 uiro
167 2975 265 3034 κάλλει
287 2980 337 3034 καὶ
354 2983 394 3050 τῷ
410 2979 528 3062 oppidu
546 2983 602 3034 todo
627 2979 786 3050 λεγομένων
808 2978 1054 3059 συνεπαιρονμέιζη

97 3048 145 3128 seui
164 3042 201 3109 ode
221 3045 263 3130 {vt
275 3042 401 3169 politura
421 3047 602 3116 womarcien,
621 3047 659 3118 μὴ
679 3049 826 3114 ξενίζουσα
844 3045 876 3102 dd
893 3042 965 3118 μηδ’
983 3043 1054 3112 ὑπερ

96 3133 147 3167 τον
159 3132 262 3181 noctque
289 3115 468 3182 νθουσιῶσας
482 3121 532 3170 Cic.
546 3119 586 3170 Or.
599 3121 647 3178 XX,
658 3117 705 3177 66;
718 3119 823 3170 Elshard.
837 3121 924 3183 prolus.
939 3119 969 3167 de
980 3119 1054 3168 histo·

96 3186 130 3234 ria
142 3186 210 3249 poesi
223 3185 329 3243 llnitima,
343 3187 508 3236 Francohusae
521 3184 599 3242 1748.-
611 3189 638 3237 G.
653 3189 678 3236 F.
693 3185 793 3238 Creuzer
810 3187 848 3235 die
859 3186 914 3235 hist.
929 3186 1002 3236 dunat
1013 3184 1055 3235 der

97 3253 223 3377 ggieohep,
236 3253 331 3368 Leilqulig
339 3250 554 3369 ldddipfflidsqqu
568 3253 726 3315 Schadeherg.
734 3268 771 3317 op.
780 3253 845 3303 lahn.
855 3267 909 3303 ann,
917 3253 956 3302 Vll
963 3267 985 3316 p.
995 3249 1043 3301 119

131 3320 184 3369 ach.
209 3334 252 3369 .n.
327 3321 343 3370 l.
356 3335 417 3384 p..

165 3384 224 3449 192)
237 3386 332 3445 Quintil,
346 3387 478 3443 lustonll,
488 3386 509 3444 1,
522 3385 568 3442 32;
583 3384 642 3443 tol:
656 3385 782 3445 1v‚2,45·
800 3386 914 3438 Parreidt.
929 3393 1051 3436 comment.

46 3493 49 3498 r
96 3454 123 3504 de
146 3454 222 3504 lactea
240 3454 300 3504 tuti
317 3453 435 3512 ubertate,
454 3455 517 3518 lips.
539 3451 616 3511 174θ;
641 3453 727 3512 Quecli.
776 3457 791 3505 l.
810 3471 833 3520 p.
851 3453 881 3503 10
917 3454 992 3503 Haase
1008 3453 1043 3502 l.'

97 3536 117 3570 o.
131 3521 188 3571 tlt.
