2534 3956
186 175 249 240 326
375 195 469 236 nmen
483 195 524 237 vr.
540 193 608 236 oar.
624 184 667 239 14.
686 185 727 238 15.
745 171 784 258 [e.
799 199 829 238 ιι.
845 198 871 240 e
886 171 949 259 369]

187 351 287 425 ceptas
308 343 422 406 Veienti
441 343 553 407 Galbae
573 341 694 422 aliisque
714 343 854 422 deinceps
874 343 959 409 bellis
980 354 1155 412 ostentans:
1247 335 1248 370 ³

153 427 170 475 ⁷
187 448 220 490 se
234 428 423 498 militantem,
446 447 478 488 se
492 428 697 490 restituentem,
711 444 829 488 eversos
848 435 971 506 penates
992 431 1155 511 multiplici

187 515 246 574 iam
270 519 351 574 sorte
377 510 508 574 exsoluta
534 510 737 589 mergentibus
760 527 879 589 semper
907 521 1019 578 sortem
1049 521 1154 578 usuris

189 597 329 658 obrutum
349 595 452 658 fenore
474 611 552 665 esset
574 595 675 658 videre
688 595 786 657 lucem
800 594 900 656 forum
913 599 1021 660 civium
1039 617 1094 661 ora
1111 599 1153 660 ll.

152 675 170 727 ⁸
187 679 275 742 llanli
290 697 396 760 opera;
413 681 511 742 omnia
527 681 693 759 parentium
707 678 850 742 beneficia
866 679 903 740 ab
917 679 968 742 illo
982 701 1015 744 se
1025 681 1152 752 babere,

187 764 229 826 illi
240 765 385 826 devovere
397 765 532 843 eorporis
546 764 681 842 vitaeque
695 780 731 824 ao
745 764 898 840 sanguinis
910 765 990 842 qnod
1004 768 1153 844 supersit:

189 849 397 929 quodcumque
411 848 468 910 sibi
482 866 550 910 enm
567 849 675 926 petria,
690 847 845 926 penatibus
860 847 988 926 publicis
1002 866 1038 912 ac
1052 852 1155 928 priva·

153 933 225 993 atis
251 934 325 994 iuris
348 933 452 1002 luerit,
478 932 605 994 idean
629 948 688 994 nno
709 931 829 994 bomine
852 949 926 994 esse.
960 933 1008 994 bis
1027 933 1155 996 vocibus

188 1016 324 1077 instincta
341 1015 443 1094 plebes
456 1033 524 1078 cum
539 1017 598 1078 iem
611 1017 699 1078 unius
718 1016 846 1078 bominis
867 1024 959 1088 esset,
981 1017 1078 1079 addita
1095 1017 1155 1080 alia

139 1101 172 1156 lo
188 1101 387 1162 commotioris
407 1101 445 1162 ad
465 1103 562 1163 omnia
582 1099 729 1162 turbanda
749 1099 863 1162 consilii
881 1118 940 1163 res.
972 1100 1099 1164 landum
1122 1103 1155 1163 in
1247 1167 1248 1172 ,

188 1183 318 1254 Veienti,
339 1193 427 1263 capnt
447 1186 629 1264 patrimonii,
651 1185 776 1246 subiecit
797 1186 956 1264 praeconi:
977 1203 1037 1256 „ne
1060 1203 1154 1264 quem
1247 1231 1248 1258 2

187 1275 340 1330 vestrum“
365 1269 474 1348 inquit,
497 1268 661 1340 „Quirites
684 1269 779 1330 donec
796 1267 955 1348 pridquam
974 1269 1008 1332 in
1027 1287 1062 1330 re
1084 1288 1155 1331 mea
1247 1295 1248 1330 ;

188 1352 352 1429 supererit,
380 1353 541 1414 iudicatum
563 1353 750 1414 addictumve
774 1352 842 1414 duci
864 1353 991 1430 patiar“.
1026 1353 1057 1412 id
1079 1371 1155 1414 vere
1247 1385 1248 1416 t

188 1436 228 1496 ita
248 1436 533 1506 accenditanimos,
560 1444 594 1498 ut
613 1453 668 1516 per
689 1453 776 1497 omne
796 1435 840 1498 las
860 1453 895 1496 ae
915 1435 998 1498 nefas
1020 1437 1156 1497 secuturi
1247 1453 1248 1506 3

139 1515 170 1568 ll
188 1519 333 1581 vindicem
347 1518 492 1580 libertatis
508 1521 687 1582 viderentur.
717 1521 753 1580 ad
776 1521 833 1582 boe
855 1520 936 1580 domi
956 1516 1155 1580 contionantis

144 1617 146 1622 ·
188 1605 219 1664 in
233 1601 353 1664 modum
369 1620 523 1674 sermenes
537 1604 616 1683 pleni
631 1603 788 1665 eriminum
803 1605 834 1665 in
848 1609 963 1682 patres;
980 1605 1061 1666 inter
1077 1621 1154 1682 qnos

190 1705 257 1749 cum
273 1687 380 1747 omisso
397 1688 581 1759 discrimine,
598 1705 811 1750 versentano
829 1689 953 1758 iaceret,
974 1686 1154 1749 thensauros

189 1769 292 1833 Gallici
312 1773 377 1832 auri
400 1770 541 1834 occultari
560 1791 577 1834 a
595 1771 730 1851 patribus
750 1772 832 1846 iecit,
853 1789 909 1833 nec
923 1774 982 1833 iam
996 1771 1153 1850 possiden·
1247 1821 1248 1830 ,

189 1853 234 1914 dis
255 1853 380 1930 publicis
400 1857 478 1934 agris
498 1862 651 1918 contentos
671 1873 751 1926 esse,
775 1857 833 1919 nisi
853 1858 1010 1936 pecuniam
1033 1873 1155 1935 quoque
1247 1907 1248 1912 ,

188 1935 338 2016 publicam
360 1945 508 2008 avertant;
532 1959 567 2002 ea
588 1957 638 2000 res
658 1943 681 2002 si
699 1938 795 2019 palam
815 1941 879 2010 dat,
904 1938 1014 2002 exsolvi
1033 1939 1154 2018 plebem

75 1988 172 2102 NJ
188 2038 259 2084 aera
279 2020 374 2084 alieno
395 2041 492 2103 posse.
526 2041 602 2104 quae
621 2023 673 2084 ubi
690 2023 803 2085 obiecta
828 2041 895 2102 spes
917 2031 974 2096 est,
1001 2025 1154 2085 enimvero

188 2105 342 2184 indignum
365 2107 478 2168 facinus
498 2108 603 2169 videri:
626 2125 694 2168 cnm
715 2107 929 2168 conferendum
950 2107 988 2168 ad
1002 2107 1152 2169 rediman-

190 2189 258 2250 dam
272 2191 418 2253 civitatem
433 2209 449 2250 a
463 2189 554 2250 Gallis
568 2207 673 2250 aurum
693 2191 797 2262 luerit,
821 2189 934 2253 tributo
955 2191 1154 2252 conlationem

189 2273 312 2342 lacum,
339 2274 417 2334 idem
442 2290 547 2334 aurum
573 2291 609 2334 er
634 2273 769 2335 hostibus
793 2281 912 2353 captum
935 2278 966 2336 in
989 2292 1155 2353 paucorum

141 2357 173 2410 la
189 2355 330 2436 praedam
348 2359 480 2419 cessisse.
511 2358 609 2436 itaque
631 2356 867 2435 exsequebantur
890 2359 1076 2438 quaerendo,
1100 2358 1153 2418 nbi

189 2445 286 2501 tantae
308 2441 352 2500 rei
373 2441 484 2503 brrtnm
506 2440 719 2508 conmmeatum
743 2440 947 2520 differentique
968 2448 998 2502 et
1017 2447 1154 2519 tempore

189 2541 243 2586 sne
258 2541 291 2584 se
305 2523 502 2587 indicaturum
517 2524 626 2586 dicenti
640 2524 746 2586 ceteris
761 2525 877 2584 omissis
897 2543 934 2586 eo
947 2542 1050 2586 versae
1068 2531 1154 2586 erant

189 2606 321 2668 omnium
336 2625 439 2678 curae,
456 2607 674 2688 apparebatque
690 2625 746 2670 neo
760 2608 823 2668 veri
837 2607 937 2670 indicii
952 2608 1076 2687 gratiam
1089 2625 1153 2670 me·

190 2691 268 2751 diam
280 2707 339 2752 nee
353 2691 419 2752 falsi
432 2692 623 2753 offensionem
637 2693 710 2755 fere.

158 2773 170 2822 1
272 2773 333 2836 XV.
363 2775 406 2836 lta
421 2779 569 2854 suspensis
587 2776 677 2838 rebus
692 2777 817 2838 dicmor
837 2778 947 2839 accitus
966 2777 1002 2838 ab
1020 2779 1153 2840 exercitu

188 2858 220 2917 in
238 2857 346 2919 urbem
366 2859 452 2920 venit.
483 2866 604 2939 postero
626 2861 673 2922 die
688 2869 792 2923 senatu
807 2861 908 2923 habito
928 2879 996 2922 cnm
1012 2863 1083 2923 salis
1098 2879 1150 2940 pe·

189 2939 332 3001 riclitatns
356 2940 520 3004 voluntates
545 2944 698 3004 bominum
724 2945 877 3006 discedere
902 2953 1037 3006 senatum
1058 2943 1095 3007 ab
1121 2963 1152 3007 se

189 3025 345 3095 vetuisset,
368 3027 489 3104 stipatus
512 3046 546 3088 ea
571 3027 757 3091 multitudine
778 3027 850 3092 sella
872 3031 903 3090 in
920 3030 1043 3097 ,comitio
1056 3030 1151 3108 posita

153 3109 173 3159 2
189 3110 331 3170 viatorem
353 3109 390 3170 ad
404 3109 442 3170 M.
455 3110 595 3174 Manlium
614 3113 706 3182 misit;
728 3113 780 3192 qui
796 3113 947 3176 dictatoris
963 3115 1047 3176 iussu
1064 3131 1151 3176 voca-

189 3197 252 3264 tus,
273 3211 340 3254 cum
360 3194 475 3272 signum
496 3197 556 3257 suis
578 3196 704 3258 dedisset
725 3196 828 3260 adesse
842 3205 1010 3269 certamen,
1035 3199 1152 3276 agmine

156 3276 172 3330 ³
189 3276 301 3352 ingenti
315 3277 352 3338 ad
364 3277 492 3341 tribunal
506 3281 593 3342 venit.
623 3280 693 3343 binc
708 3288 843 3354 senatus,
863 3283 933 3344 bine
947 3282 1046 3361 plebs,
1064 3299 1152 3344 suum

153 3359 173 3408 4
191 3360 313 3438 quisque
327 3363 474 3425 intuentes
489 3366 611 3434 ducem,
627 3364 706 3426 velut
721 3365 751 3426 in
766 3367 830 3428 acic
847 3367 1047 3428 constiterant.
1087 3372 1150 3426 tum

188 3441 314 3503 dictator
333 3443 448 3508 silentio
469 3449 546 3521 laeto
563 3451 716 3520 „utinam“
733 3451 828 3530 inquit
848 3450 941 3522 „mibi
957 3449 1152 3529 patribusque
