2572 3956
338 238 435 306 nunna
449 264 470 304 ι.
498 263 567 304 car.
582 254 625 309 st.
643 257 687 310 58.
715 205 755 323 [d.
773 245 809 306 0.
824 241 888 320 510]
1051 247 1091 308 59

138 431 225 494 quam
236 411 391 480 militibus;
406 412 481 488 regii
493 410 611 488 quidem
624 413 745 473 iuvenes
755 411 903 473 interdum
915 409 1008 472 otium
1019 427 1090 470 con·
1107 429 1125 479 s

138 498 219 559 viriis
238 493 536 571 comisationibusque
558 495 682 556 intense
698 493 841 557 terebant.
871 495 948 555 sorte
963 494 1125 573 potanti-e
1154 533 1161 541 -

134 579 193 642 bus
210 579 257 640 his
274 579 351 657 apud
372 577 438 638 Sex.
457 578 662 655 Tarquinium,
681 576 732 639 ubi
748 585 777 638 et
791 576 950 640 Collatinus
965 575 1092 639 cenabat

137 663 314 740 Tarquinius
329 660 427 738 Egerii
442 660 528 731 tilius,
546 661 649 722 incidit
668 661 705 722 de
717 659 859 722 uxoribus
869 662 994 729 mentio;
1006 678 1090 722 suam

138 739 263 824 quisque
288 743 408 805 laudare
434 745 516 805 miris
540 745 644 806 modis.
681 743 751 805 inde
778 745 939 807 certamine
964 757 1124 808 accenset

138 829 298 890 Collatinus
320 833 408 904 negat
428 826 526 888 verbis
544 845 618 906 opus
634 846 713 898 esse,
734 829 836 906 paucis
851 827 881 888 id
897 827 1016 904 quidem
1033 826 1088 887 ho·

137 915 179 974 ris
202 929 290 992 posse
316 911 399 980 sciri,
427 917 568 987 quantum
591 913 697 972 ceteris
718 917 848 989 praestet
871 910 1007 972 Lucretia
1023 928 1088 972 sua

137 998 244 1073 „quin,
262 995 287 1055 si
301 995 383 1072 vigor
400 995 534 1054 iuventae
548 995 633 1063 inest,
649 995 874 1055 conscendimus
891 1010 997 1070 equos,
1016 994 1090 1054 invi·

137 1081 287 1155 simusque
301 1083 471 1156 praesentes
482 1085 650 1138 nostrarum
661 1077 797 1155 ingenia?
813 1077 843 1138 id
859 1077 964 1154 cuique
975 1083 1090 1154 specto·

121 1163 282 1223 tissimum
308 1162 360 1230 sit,
387 1159 465 1236 quod
489 1161 665 1239 necopinato
692 1161 747 1220 viri
774 1161 900 1221 adventu
925 1161 1090 1221 occurrerit

138 1244 261 1307 oculis.“
293 1241 477 1304 incaluerant
500 1245 577 1305 vino.
609 1261 683 1322 „age
711 1244 816 1304 sane!“
848 1261 959 1304 omnes.
995 1244 1123 1304 citatis8

138 1329 222 1406 equis
245 1326 360 1388 avolant
382 1326 514 1388 Romam.
548 1344 606 1404 quc
621 1345 689 1388 cum
702 1326 806 1405 primis
820 1345 852 1388 se
870 1325 1090 1388 intendentibus

137 1410 269 1474 tenebris
284 1410 497 1488 pervenissent,
512 1417 639 1489 pergtmt
654 1411 723 1471 inde
738 1408 898 1480 Collatiam,
914 1408 966 1470 ubi
979 1408 1090 1470 Lucre·
1106 1419 1217 1469 Ψ*

97 1539 100 1544 -
137 1497 207 1557 tiam
226 1494 451 1571 haudquaquam
467 1501 499 1552 ut
518 1495 615 1572 regias
632 1511 742 1564 nurus,
767 1510 839 1571 quas
852 1495 884 1554 in
898 1493 1030 1554 convivio
1044 1491 1090 1553 lu·

139 1595 237 1656 nuque
250 1594 319 1638 cum
334 1576 506 1654 aequalibus
517 1578 650 1639 viderant
659 1584 775 1656 tempus
787 1583 926 1647 terentes,
941 1575 992 1638 scd
1004 1583 1090 1638 nocte

138 1679 204 1725 sera
232 1661 359 1722 deditam
387 1659 472 1722 lanae
496 1662 573 1722 inter
594 1660 784 1722 lucubrantes
803 1659 927 1721 ancillas
946 1660 978 1720 in
992 1659 1104 1720 medio.

139 1746 255 1808 aedlum
279 1744 428 1806 sedentem
453 1745 612 1805 inveniunt
654 1743 808 1806 muliebris
833 1743 1001 1812 certaminis
1028 1741 1142 1806 lausto

138 1847 231 1910 penes
245 1827 412 1888 Lucretiam
426 1827 490 1888 luit.
516 1827 673 1890 adveniens
690 1829 733 1887 vir
750 1827 961 1904 Tarquiniique
977 1825 1093 1903 excepti

139 1912 282 1990 benigne;
309 1911 402 1970 victor
424 1912 546 1972 maritus
567 1913 690 1972 comiter
715 1911 817 1970 invitat
840 1911 939 1987 regies
962 1910 1091 1968 iuvenes.

139 1994 182 2056 ibi
202 1996 268 2056 Sex.
287 1993 480 2070 Tarquinium
503 1993 578 2054 mala
598 1993 689 2054 libido
709 1993 863 2054 Lucretiae
878 2009 933 2071 per
950 1991 1008 2050 vim
1032 1998 1092 2051 stu·

139 2078 270 2158 prandae
290 2079 383 2155 capit;
404 2095 471 2138 cum
493 2077 589 2138 forma
613 2087 675 2158 tum
697 2083 826 2154 spectata
850 2077 967 2149 castitas
981 2075 1091 2135 incimt

141 2169 170 2224 et
183 2169 245 2222 tum
256 2161 376 2238 quidem
387 2159 423 2221 ab
435 2168 579 2221 nocturno
591 2159 718 2222 iuvenali
728 2158 798 2220 ludo
808 2162 841 2220 in
852 2165 947 2220 castra
958 2158 1091 2219 redeunt
1112 2171 1142 2223 11

202 2241 297 2306 LVlIl.
329 2243 433 2304 Paucis
457 2245 618 2306 interiectis
639 2243 742 2304 diebus
764 2243 830 2304 Sex.
846 2243 1024 2318 Tarquinius
1048 2241 1093 2300 in·
1112 2259 1126 2308 1

141 2331 202 2391 scio
218 2326 360 2389 Collatino
383 2345 450 2388 cum
469 2329 575 2388 comite
595 2327 654 2387 uno
678 2324 829 2388 Collatiam
850 2327 936 2387 venit.
973 2322 1024 2384 ubi
1044 2341 1127 2393 ‹ex-2

86 2427 93 2436 ·
142 2419 243 2490 ceptus
267 2410 396 2489 benigne
423 2410 459 2471 ab
485 2411 596 2488 ignaris
621 2409 739 2470 consilii
766 2427 833 2470 cum
854 2415 921 2486 post
938 2425 1042 2470 cenam
1063 2407 1094 2465 in

141 2493 285 2573 hospitale
308 2493 476 2556 cubiculum
498 2495 639 2555 deductus
654 2498 746 2562 esset,
764 2508 866 2552 amore
880 2490 996 2560 ardeus,
1013 2497 1094 2568 post·

142 2597 231 2658 quam
245 2579 314 2639 satis
329 2584 390 2638 tuta
406 2579 485 2638 circa
500 2578 646 2654 sopitique
667 2593 769 2637 omnes
783 2573 971 2644 videbantur,
992 2573 1093 2632 stricto

143 2662 239 2742 gladio
255 2662 291 2722 ad
307 2661 500 2722 dormientem
516 2660 682 2720 Lucretiam
699 2660 793 2728 venit,
816 2658 992 2733 sinistraque
1005 2672 1095 2716 manu

142 2745 275 2808 mulieris
296 2752 416 2824 pectore
431 2762 573 2823 oppresso
596 2751 680 2814 „tace
697 2742 854 2804 Lucretia“
873 2741 983 2817 inquit;
1006 2739 1094 2810 „Sem

143 2830 321 2906 Tarquinius
340 2845 420 2897 sum;
443 2828 554 2889 ferrum
566 2829 598 2904 in
611 2844 700 2888 manu
718 2832 774 2896 est,
791 2827 935 2894 moriere,
951 2824 977 2885 si
991 2823 1094 2885 emise-

143 2915 186 2974 ris
200 2919 334 2973 vocem.“
364 2929 431 2972 cum
453 2911 555 2990 pavida
577 2929 613 2972 ex
630 2927 733 2972 somno
750 2908 856 2970 mulier
873 2925 984 2970 nucem
998 2923 1095 2985 opem,
1113 2919 1130 2972 a

143 3013 238 3075 prope
253 3003 378 3056 mortem
392 2997 585 3056 inminentem
603 2995 722 3065 videret,
737 3001 800 3053 tum
816 2993 993 3070 Tarquinius
1010 2988 1096 3050 lateri

145 3096 286 3148 amorem,
303 3097 398 3150 orare,
410 3078 535 3140 miscere
547 3078 687 3156 precibus
700 3079 802 3147 minas,
819 3094 937 3138 versare
951 3077 982 3134 in
993 3089 1096 3133 omnes

145 3171 245 3242 partes
263 3160 438 3224 muliebrem
456 3164 594 3223 animum.
621 3160 672 3221 ubi
689 3159 862 3221 obstinatam
876 3156 991 3218 videbat
1012 3163 1095 3216 etue
1113 3170 1130 3218 4

145 3247 249 3308 mortis
270 3246 388 3322 quidem
408 3253 487 3307 metu
501 3244 655 3316 inclinari,
677 3244 757 3304 addit
776 3243 812 3304 ad
826 3252 936 3304 metum
951 3239 1095 3300 dedecus:

146 3347 214 3390 cum
239 3336 355 3389 mortua
376 3329 537 3408 iugulatum
558 3346 674 3390 sermm
689 3327 801 3388 nudum
814 3327 978 3404 positorum
994 3322 1047 3394 ait,
1064 3331 1097 3382 ut

147 3412 179 3473 in
195 3411 315 3474 sordido
333 3412 475 3474 adulterio
490 3420 593 3474 necata
610 3412 733 3474 dicatur.
767 3427 825 3487 quo
840 3417 956 3470 terrore
973 3424 1041 3468 cum
1054 3407 1095 3464 vi·
1111 3412 1130 3464 o

148 3495 237 3556 cisset
258 3494 432 3557 obstinatam
452 3497 623 3576 pudicitiam
648 3493 740 3576 [velut
758 3491 876 3573 uictrix]
894 3491 1001 3561 libido,
1025 3505 1095 3568 pro-
1131 3551 1140 3566 ‚
