2534 3956
281 221 377 264 ursas
388 219 432 265 st.
464 221 534 264 ose.
553 211 598 268 25.
610 213 652 268 26·
666 212 710 266 27.
737 205 777 282 [a.
793 203 828 264 θ.
844 203 907 280 381]
1008 203 1071 272 389

25 405 26 420 .
109 374 199 436 stanti
213 370 373 450 uanqnilla
388 389 482 450 paee,
505 377 538 430 ut
551 385 587 432 eo
601 371 648 429 rix
663 370 744 430 lama
761 367 833 432 belli
847 369 960 449 perlata
975 369 1070 432 videri

24 489 25 504 .
109 462 221 532 posset.

170 538 269 599 llllVl.
298 538 397 599 Victus
412 539 501 616 igitur
516 539 656 616 patientia
672 538 801 598 hostium
817 544 951 598 senatum
967 551 1070 598 eorum
1089 550 1104 602 l

110 623 210 684 vocari
220 622 313 682 iussit.
343 621 420 692 „soli
432 621 549 682 adhuo“
562 622 673 698 inquit,
690 619 888 691 ‚,l¹nscrdeni,
903 635 973 681 vera
987 634 1070 680 arma

108 706 370 859 ucecia
385 701 1105 865 rrrcri.¹²ni3r.enc.xnudi::.

23 936 24 940 ,
107 880 186 942 tres,
203 878 303 932 unarm
315 871 383 950 plns
398 876 465 932 ante
482 885 596 950 poenae
612 886 650 931 an
666 885 747 931 nunc
762 872 865 932 veniae
880 872 980 932 meriti
995 871 1068 932 sitis.

23 985 24 1020 3
107 973 170 1016 non
185 956 367 1033 praecipiam
382 955 506 1032 gradun
521 953 634 1034 publici
649 954 802 1016 beneficii:
818 953 999 1034 deprecandi
1015 971 1069 1032 po·

106 1045 242 1112 wstatem
258 1057 274 1098 a
288 1052 336 1099 me
351 1037 530 1106 bulcenium
551 1037 691 1115 precibus
708 1045 845 1099 eventum
858 1039 964 1100 vestiis
983 1047 1069 1099 sena·

106 1131 170 1192 tus,
197 1134 286 1198 quem
302 1121 464 1190 vidalinus,
486 1119 597 1181 dabit“.
633 1127 790 1198 postquam
812 1120 937 1181 Romam
956 1121 1103 1188 'busur-o

23 1237 26 1278 p
106 1205 345 1274 lerinensium,
369 1209 547 1280 senatusque
568 1202 657 1282 perdo
679 1205 747 1264 aute
768 1202 898 1264 bdelium
918 1203 1069 1264 sociorum

23 1319 28 1362 t
105 1295 237 1348 maestus
251 1289 283 1347 in
297 1283 441 1348 vestibulo
453 1287 553 1348 curiae
570 1294 614 1348 est
628 1291 819 1365 conspectus,
834 1289 906 1346 moli
921 1285 1068 1365 extemplo

23 1399 31 1524 ¹.
105 1371 324 1516 illidii
344 1369 751 1516 liliiitliidlt
762 1371 859 1516 titi
872 1386 961 1516 titi
976 1369 1102 1530 {llll

22 1551 33 1618 p
105 1539 163 1600 bus
176 1536 289 1598 bellum
300 1537 446 1599 indixistis
457 1537 670 1616 intulisilsque,
688 1544 787 1617 patres
799 1537 975 1616 conscripti,
991 1537 1068 1598 sient

22 1651 35 1700 p
106 1638 186 1682 nunc
207 1621 309 1683 ridetis
328 1637 384 1682 nos
407 1629 517 1684 stantes
535 1623 568 1682 iu
587 1620 733 1683 vestibulo
752 1623 855 1682 curiae
876 1628 1006 1690 vestrae,
1025 1621 1067 1682 ita

22 1727 35 1784 p
106 1707 211 1767 armati
226 1707 381 1784 paratique
398 1705 515 1766 obviam
529 1703 760 1783 imperatoribus
777 1703 1003 1782 legionibusque
1017 1721 1065 1764 ve·

22 1817 36 1884 p
104 1791 175 1850 stris
189 1791 398 1866 processimus.
424 1788 474 1848 hio
490 1795 607 1858 nester,
632 1787 681 1848 hic
699 1786 795 1868 plebis
815 1793 935 1848 nostrae
949 1785 1101 1851 babituse
1140 1859 1141 1866 ἵ

21 1899 36 1955 p
104 1871 160 1931 luit
177 1873 292 1947 eritque
314 1883 448 1948 semper,
472 1872 570 1931 nisisi
587 1871 704 1949 quando
721 1890 738 1933 a
753 1869 837 1932 vobis
852 1885 967 1952 proque
982 1869 1067 1932 vobis

21 1997 27 2040 ,
105 1971 186 2014 arma
205 1955 420 2034 acceperimus.
457 1955 567 2032 gratias
586 1955 700 2032 agimus
721 1962 750 2016 et
770 1951 895 2016 ducibus
914 1953 1021 2016 vestris
1037 1961 1066 2016 ct

21 2067 38 2124 p
106 2035 294 2106 exercitibus,
312 2037 391 2115 quod
404 2037 498 2099 oculis
511 2039 605 2116 magis
623 2055 711 2115 quam
725 2035 848 2098 omibus
865 2037 1064 2108 crediderunt,

21 2151 39 2203 p
104 2128 148 2190 et,
163 2120 216 2180 ubi
230 2120 303 2180 nihil
320 2120 427 2182 hostde
440 2128 517 2191 erat,
535 2137 574 2182 ue
588 2122 646 2199 ipsi
660 2122 780 2199 quidem
794 2121 938 2183 iecerunt.
961 2137 1065 2201 paoem
1082 2129 1101 2182 o

21 2193 39 2294 ἶ,
104 2198 193 2282 quam
210 2221 265 2265 nos
281 2206 497 2284 praestitimus,
517 2221 582 2266 eam
597 2222 613 2264 a
628 2203 713 2264 robis
727 2205 869 2281 petimus:
891 2203 1003 2266 bellum
1019 2222 1065 2276 eo,

22 2317 40 2395 p
104 2287 200 2349 sicubi
217 2294 275 2359 est,
294 2289 431 2349 arcuatis
445 2303 620 2366 precamur:
636 2289 668 2345 in
682 2303 737 2347 uos
752 2285 823 2362 quid
837 2300 918 2347 arma
934 2287 1066 2366 polleant

21 2405 40 2464 ᾖ
103 2379 208 2443 vestra,
227 2373 252 2432 si
267 2372 407 2450 patiendo
422 2369 638 2450 experiundum
650 2376 708 2438 est,
723 2369 853 2430 inermes
865 2373 1063 2448 experiemur.

27 2471 42 2552 p
102 2456 176 2515 haec
185 2470 271 2515 mens
282 2463 383 2516 nostra
395 2462 449 2522 est,
459 2454 501 2514 dii
512 2449 684 2511 inmortales
695 2451 812 2522 iaciant,
824 2458 884 2512 tam
896 2451 966 2512 felix
976 2467 1064 2529 quem

21 2508 44 2632 ἓν
103 2539 160 2616 pia.
192 2539 272 2612 quod
291 2537 329 2596 ad
344 2537 469 2594 crimina
486 2535 604 2604 attinet,
623 2532 731 2611 qldbus
745 2533 817 2594 moti
830 2532 942 2596 bellum
956 2535 1064 2597 indixi-
1082 2551 1097 2577 ⁸

21 2655 44 2716 Ι,
102 2621 169 2688 stis,
192 2620 247 2680 etsi
268 2619 378 2678 revicta
399 2616 491 2679 rebus
505 2615 604 2678 verbis
619 2617 773 2678 confutare
790 2615 864 2678 nibil
880 2619 999 2690 abina,
1020 2625 1063 2680 ta·

102 2701 287 2771 monetam
303 2701 328 2761 'si
344 2717 413 2762 vera
429 2703 502 2770 sint,
518 2698 564 2762 rel
579 2699 666 2762 lateri
680 2699 767 2762 nobis
782 2719 831 2771 ea,
847 2717 914 2762 cum
928 2711 988 2762 um
1004 2704 1063 2764 evi·

21 2803 46 2882 ot‘
103 2785 691 2864 denterpaenituerit,tutumoansemus.
715 2785 975 2864 pecceturinvos,
991 2785 1061 2847 dum

21 2877 46 2969 'pp
103 2871 183 2947 digni
200 2869 262 2930 sitis
277 2867 385 2948 quibus
399 2869 439 2929 ita
457 2867 607 2929 satisdat‘t
639 2871 752 2930 tanum
769 2867 833 2931 lere
847 2866 1008 2931 verborum
1024 2867 1096 2932 abs

32 2985 46 3044 p
102 2952 277 3014 Tusculanis
298 2952 416 3014 iaceam.
455 2966 560 3030 pacem
587 2953 807 3032 inpraesentia
830 2951 947 3014 necin
967 2951 1061 3016 mnlm

21 3012 47 3138 Ξ,
102 3046 168 3116 post
187 3038 333 3097 civitatem
357 3037 444 3096 etlam
458 3037 699 3113 impetraverunt.
730 3035 766 3097 ab
782 3031 911 3098 rusculo
927 3035 1060 3114 legiones

21 3179 22 3188 ,
101 3120 249 3183 reductae.
1134 3159 1142 3170 ,

22 3141 48 3305 ἐξ,
163 3201 275 3264 llllllll.
306 3197 459 3272 Comibus,
483 3201 606 3265 consilio
626 3211 655 3264 et
673 3203 779 3266 virtute
795 3205 827 3263 in
842 3201 949 3263 vulsco
967 3201 1056 3276 bello,
1078 3210 1092 3262 i

21 3301 49 3374 ‘p‘
101 3285 239 3348 felicitate
268 3288 299 3346 ln
318 3284 484 3347 Tusculana
505 3283 706 3366 expeditione,
733 3283 894 3363 utrubique
914 3285 1057 3366 singldari

21 3342 49 3462 a&
101 3369 239 3432 adsersus
258 3367 402 3450 collegam
418 3369 558 3450 patientia
574 3377 602 3432 ei
619 3369 823 3432 moderatione
837 3371 977 3450 insignis,
994 3388 1056 3432 ma·

21 3409 50 3561 :hp
100 3454 223 3526 sueretu
246 3451 447 3566 abiitvoreatis
467 3450 594 3516 tribunis
613 3451 789 3516 militaribus
805 3453 1091 3603 in2igseqnentema
