2522 3954
212 245 289 294 XXII
390 243 438 290 DE
457 243 529 291 rtet
548 243 634 292 mvn
657 241 739 289 VITA
757 241 801 288 ΕΤ
824 239 989 289 sceleris.

212 403 272 460 aliis
294 409 527 475 cognoscerentur
544 409 571 458 ct
593 401 669 474 quasi
684 401 713 457 in
734 398 845 475 speculo
868 390 1099 470 cernerenturlll.
1133 397 1189 454 lta·

212 485 270 542 sscri
282 485 381 558 potuit,
397 493 429 541 ut
442 493 470 542 et
484 502 528 542 res
540 485 740 558 antiquissimas
755 483 944 559 „poeticisque
959 482 1044 558 magis
1059 481 1171 538 decoras

212 567 329 625 tabulis“
351 576 495 643 poetarum
514 568 603 632 modo,
618 568 666 625 scd
680 569 748 625 mira
761 565 935 641 simplicitate
950 575 978 624 et
994 565 1170 627 iucunditate.

213 662 360 727 exponeret
379 662 408 710 et.
422 669 465 708 res
482 651 634 726 praeclaras
646 651 800 725 posteriore
816 658 940 726 tempore
954 658 1046 724 gestas
1059 650 1097 705 ita
1112 665 1172 705 ora-

213 736 287 793 tione
301 735 461 798 illustraret,
481 744 512 792 ut
528 745 556 793 et
569 743 685 809 quantae
698 735 815 792 luissent
826 732 1053 807 intelligerentur,
1066 749 1173 789 carum-

213 837 265 894 que
285 820 470 893 magnitudine
494 819 576 876 animi
600 825 774 876 moverentur
791 827 820 876 et
844 818 1024 892 erigerentur.
1063 816 1104 872 Ad
1120 815 1173 873 hoc

212 903 362 966 accedebat,
375 903 448 978 quod
463 903 584 960 acumine
602 900 735 976 singulari
750 913 874 960 naturam
890 901 971 958 enirm
986 899 1096 957 humani
1111 917 1172 974 per·

212 986 350 1060 spicicbat,
366 986 474 1044 abditos
489 1004 584 1044 sensus
599 986 681 1044 altius
695 987 876 1050 scrutabatur,
894 985 958 1059 quid
975 985 1003 1041 in
1020 999 1126 1058 quaque
1143 1001 1172 1041 rc

211 1070 334 1127 homines
350 1071 526 1144 cogitassent,
543 1071 712 1133 metuissent,
727 1070 877 1128 voluissent
889 1069 998 1126 ‘videbat
1012 1077 1095 1142 atque
1110 1084 1173 1142 ape-

210 1154 313 1220 nebat3
329 1171 383 1228 qno
399 1163 489 1212 tamen
504 1156 595 1213 studio
610 1171 666 1213 nou
672 1155 705 1212 ad
715 1154 903 1211 morositatem
917 1153 1058 1226 quandam,
1070 1160 1101 1208 ut
1115 1152 1172 1208 lere

210 1238 250 1302 iit,
268 1247 295 1294 et
311 1239 485 1313 asperitatem
501 1246 604 1297 tractus
620 1245 671 1302 est,
689 1239 735 1295 sed
751 1239 779 1294 in
794 1254 886 1294 rerum
900 1236 1095 1308 hominumque
1108 1252 1172 1292 con·

211 1322 387 1396 templatione
402 1322 471 1380 mira
486 1322 576 1381 clucet
591 1320 697 1385 lenitas,
714 1321 831 1378 suavitas
844 1327 873 1377 et
888 1313 1098 1391 humanitas⁵²)‚
1114 1336 1170 1375 non

210 1405 298 1463 facilis
321 1405 366 1462 illa
381 1415 409 1463 et
435 1405 541 1469 mollis,
560 1422 628 1478 quae
648 1407 713 1462 vitia
727 1412 850 1466 excusat,
868 1403 1040 1460 honestatem
1055 1403 1172 1460 advitae

210 1489 331 1546 rationes
346 1488 592 1551 accommodatscd
607 1505 667 1546 cum
681 1489 748 1544 recti
759 1488 991 1560 honestiquevero
1001 1503 1093 1544 amore
1108 1503 1172 1544 cen·

210 1572 310 1630 iuncta.
346 1570 397 1640 Qut
414 1573 466 1628 nisi
482 1571 612 1629 maximus
632 1570 729 1628 luisset
744 1571 772 1627 in
785 1570 875 1633 Livio,
890 1587 945 1626 non
958 1577 1034 1627 tanta
1049 1569 1172 1644 indigna·

211 1655 286 1712 tione
305 1662 413 1713 notaret
432 1657 522 1730 turpia
538 1664 566 1712 ct
580 1655 667 1718 locda,
687 1663 718 1711 ut
733 1655 823 1729 ipsum
838 1653 871 1710 ab
885 1654 918 1710 iis
934 1653 1110 1711 abhorruisse
1125 1670 1172 1726 ap·

212 1750 334 1812 pareret,
358 1757 447 1814 neque
468 1748 521 1796 tam
540 1739 645 1796 sincera
660 1738 693 1795 ab
716 1738 789 1795 omni
811 1739 874 1794 luco
889 1736 976 1794 aliena
990 1735 1070 1794 laude
1084 1737 1171 1812 proba

211 1831 293 1898 atque
307 1823 423 1880 honesta
438 1841 495 1880 nen
509 1823 571 1880 data
587 1821 694 1896 quidem
710 1838 793 1896 opera
807 1829 1035 1896 prosequeretur,
1051 1820 1098 1878 sed
1112 1837 1172 1883 ipsa

211 1907 367 1964 narretione
389 1915 533 1964 exornaret
555 1915 583 1962 et
602 1905 810 1962 commendaret.
857 1904 940 1972 Quam
960 1920 1024 1962 vero
1044 1904 1172 1962 virtutem

211 2007 342 2046 summam
356 1991 493 2064 putaverit
507 2008 568 2047 cum
583 1987 644 2046 aliis
657 1987 726 2045 locis
741 1989 837 2062 aperit,
853 1997 911 2046 tum
921 1987 1035 2046 notabili
1051 1987 1108 2052 illo.
1125 1990 1171 2058 qui

212 2072 229 2128 l.
246 2073 337 2136 xxtx,
354 2080 401 2136 14.
421 2079 438 2134 6
455 2073 570 2147 legitur:
604 2071 693 2136 ..haud
716 2089 812 2146 parvae
838 2072 878 2128 rei
899 2071 1026 2130 iudicium
1048 2081 1171 2128 senatum

172 2221 174 2226 ¹
212 2156 335 2219 tenebat,
352 2158 399 2230 qui
413 2157 454 2213 vir
470 2157 589 2230 optimus
606 2156 635 2210 in
651 2155 758 2213 civitate
775 2163 855 2212 esset.
886 2172 975 2212 veram
993 2164 1067 2211 certe
1087 2155 1171 2212 vlcto·

211 2240 279 2296 riam
290 2241 349 2297 eius
363 2241 404 2297 rei
420 2241 472 2297 sibi
484 2241 599 2315 quisque
610 2238 710 2303 mallet,
727 2256 806 2313 quam
823 2237 879 2295 ulla
893 2237 1005 2319 imperia
1019 2236 1171 2295 honoresve

211 2323 342 2397 suffragio
367 2341 414 2380 seu
432 2333 541 2398 patrum
562 2341 610 2381 seu
631 2322 718 2399 plebis
733 2321 866 2379 delatos.“
903 2311 996 2394 Neque
1010 2320 1077 2377 haee
1090 2329 1119 2376 et
1136 2339 1171 2376 si·

211 2406 285 2462 milia
299 2407 397 2466 iudicia
406 2426 443 2464 cx
453 2407 680 2482 philosophorum
692 2414 796 2462 tantum
809 2403 911 2462 scholis
923 2414 1004 2479 atque
1018 2414 1171 2478 praeceptis

211 2490 321 2566 petivit,
341 2491 388 2548 sed
405 2508 437 2549 cn
458 2494 516 2566 ipsa
530 2509 622 2548 rerum
642 2491 822 2563 antiquarum,
838 2487 932 2561 quales
952 2487 1066 2545 traditae
1083 2500 1171 2547 erant.

211 2573 440 2651 contemplatione
462 2585 490 2634 et
511 2575 714 2650 comparatione
731 2581 759 2630 ct
777 2590 809 2630 ex
826 2587 876 2629 suo
891 2572 1003 2646 ingenio
1018 2572 1051 2630 ad
1064 2587 1170 2630 omnem

211 2657 339 2716 virtutem
360 2659 560 2735 percipiendam
574 2667 602 2717 et
616 2657 806 2715 aestimandam
821 2656 893 2715 lacte
908 2656 1008 2714 hausit.
1039 2657 1093 2713 lam
1104 2651 1171 2714 vcro

212 2743 323 2799 eumad
344 2741 371 2798 id
390 2744 502 2801 manime
519 2741 711 2800 intendendum
729 2741 847 2797 animum
869 2747 992 2814 putaret,
1015 2757 1083 2815 „per
1101 2758 1171 2814 quos

119 2855 121 2860 ,
211 2825 284 2882 vires
300 2835 408 2900 partum
427 2837 455 2884 et
469 2837 577 2884 auctum
594 2824 736 2899 imperium
750 2831 850 2886 esset,“
869 2823 895 2880 id
910 2823 1082 2897 potissimum
1105 2825 1170 2897 egit

279 3021 322 3087 51)
341 3023 392 3074 vid.
405 3024 471 3074 Nicb.
484 3023 513 3073 tt.
526 3023 553 3072 n.
568 3020 590 3080 1,
602 3021 675 3086 deq:
688 3021 767 3071 Livius
781 3047 808 3058 ·-
823 3021 918 3071 schrieb
930 3023 983 3070 weil
995 3022 1037 3072 ibn
1049 3022 1088 3072 dle
1099 3023 1170 3072 Natus

212 3093 254 3141 mit
266 3093 331 3141 einer
338 3091 424 3141 bochst
435 3089 649 3152 gltnzendenGabe
661 3089 849 3149 derduliassung
861 3087 903 3138 das
915 3089 1035 3139 einzelnen
1043 3089 1171 3139 llenschen

211 3158 259 3208 und
272 3159 314 3208 der
326 3158 460 3218 Erzthlnng
472 3162 621 3217 ausgestattet
632 3157 709 3213 hatte,
722 3157 764 3205 mit
776 3155 830 3205 dem
842 3156 939 3205 Talente
951 3155 992 3206 des
1003 3155 1114 3206 Dichters
1126 3171 1171 3204 nur

212 3226 274 3276 ohne
290 3226 349 3274 Lnst
364 3224 423 3275 oder
439 3223 595 3284 Leichtlgkcit
616 3237 645 3272 zu
662 3223 800 3272 metrischer
811 3223 887 3279 Rede;
905 3223 988 3273 ldttller
1004 3223 1022 3273 l.
1035 3225 1051 3274 Ι.
1069 3240 1093 3289 p.
1108 3222 1171 3281 12&

212 3291 292 3350 Qneck
301 3293 410 3353 beitrage
421 3307 463 3342 zur
475 3290 660 3342 Charahteristlh
672 3289 806 3348 deshivius,
819 3289 1013 3340 Sonderslrausen
1027 3287 1092 3342 1847
1103 3307 1127 3356 p.
1135 3291 1159 3342 5.

279 3373 322 3436 52)
341 3374 407 3424 Nicb.
426 3375 506 3424 Sobel.
524 3375 548 3432 l,
565 3373 611 3425 52:
634 3372 766 3424 besondere
777 3375 883 3435 dchtung
897 3373 1002 3424 rordicnt
1013 3373 1055 3424 das
1067 3374 1171 3425 liabens·

213 3441 316 3502 wdrdige
327 3440 426 3494 Gemttth
445 3442 486 3492 des
498 3442 592 3500 livius,
610 3455 635 3492 es
652 3442 684 3492 ist
694 3439 752 3491 tiber
765 3441 807 3490 das
818 3453 892 3501 sanae
904 3443 957 3491 eine
968 3439 1165 3491 Freuodllchlrett

212 3510 265 3558 cine
276 3507 405 3557 lleiterkeit
416 3509 549 3568 rerbreitet,
561 3509 600 3560 die
611 3509 674 3558 belm
686 3508 751 3558 lesen
763 3505 823 3559 wohl
837 3509 896 3560 thart.
