2534 3956
294 211 390 254 umen
405 210 435 254 v.
458 208 529 250 cus.
543 198 586 253 45.
602 197 647 252 46.
671 184 711 268 [a.
727 187 762 250 O.
778 185 840 269 too]
986 191 1046 256 ³01

94 365 188 426 fuera.
218 360 329 439 egressi
344 357 424 420 hand
438 356 545 437 procul
560 355 650 425 urbe,
675 356 750 417 sicut
769 353 953 434 praedictum
974 363 1082 426 erata

91 453 190 508 castra
204 443 356 507 Gallorum
375 443 469 502 intanta
488 439 681 519 neglectaque
700 437 736 500 ab
761 440 843 499 omni
866 445 950 517 parte
969 440 1048 500 nacti

96 548 164 591 cum
179 529 291 606 ingenti
301 525 430 587 clamore
444 524 594 586 invadunt.
620 540 765 603 nusquam
777 520 940 601 proelium,
952 524 1048 584 omnl-
1066 531 1082 583 a

96 613 152 674 bus
166 611 240 672 loeis
254 609 359 672 caedes
377 615 438 678 cett
452 609 532 671 nuda
547 624 674 686 corpora
689 615 719 670 et
731 604 827 668 soluta
841 624 946 668 sonum
956 605 1048 667 truci·

97 697 212 757 dantur.
246 701 392 755 extremos
414 699 515 754 tamen
532 709 624 772 paror
644 710 661 752 e
679 689 829 752 cubilibus
849 692 912 752 suis
926 691 1048 760 excitos,

94 795 172 856 quae
184 787 234 839 aut
247 777 327 839 unde
342 777 386 839 vis
400 783 479 838 esset
492 778 628 855 maros,
654 776 685 835 in
701 774 802 852 fugam
814 780 845 834 et
858 775 1001 853 quosdam
1018 774 1049 833 fn

95 861 211 923 hostem
233 862 332 940 ipsum
352 859 534 939 improvidos
554 858 629 921 urin
668 874 773 936 magna
796 875 867 936 pars
891 858 923 919 iu
945 875 1049 936 agrum

95 945 241 1007 Antiatem
255 942 344 1006 delati
363 945 535 1006 incursione
555 941 592 1004 ab
617 942 771 1021 oppidanis
789 942 820 1003 in
843 940 956 1022 palatos
974 942 1050 1002 facta

97 1028 376 1090 circumveniuntur.

160 1110 270 1174 Similis
284 1113 315 1170 ln
326 1128 398 1188 egro
408 1110 523 1172 Veienti
533 1109 698 1172 'l'uscorum
708 1109 785 1170 facta
795 1115 909 1187 strages
923 1119 981 1179 est,
999 1110 1051 1188 qni
1067 1115 1085 1164 t

94 1193 196 1264 urhis,
211 1196 270 1254 iam
285 1211 380 1272 prope
394 1192 718 1272 quadringentesimum
728 1209 839 1253 annum
851 1193 979 1263 vicinae,
999 1209 1050 1270 op·

96 1292 217 1357 pressae
239 1275 275 1337 ab
299 1276 385 1338 hoste
405 1277 567 1347 invisitato,
589 1276 720 1337 inaudito
741 1275 815 1336 adeo
836 1274 910 1336 nihil
928 1277 1052 1336 miseriti

97 1365 180 1430 sunt,
199 1360 278 1420 utin
298 1376 401 1436 agrum
417 1359 583 1420 Romanum
602 1378 638 1421 ec
651 1366 786 1438 tempore
802 1359 989 1420 incursiones
1009 1360 1051 1420 fa·

95 1449 215 1513 cenent,
240 1441 381 1521 plenique
403 1440 531 1522 praedae
546 1443 634 1504 Veios
651 1443 738 1504 etiam
760 1443 1000 1522 praesidiumque
1023 1449 1053 1504 et

97 1544 181 1605 spem
201 1525 333 1586 dumam
349 1525 475 1588 liomani
494 1527 622 1588 nominis
644 1527 675 1586 in
698 1527 797 1586 animo
819 1525 978 1588 habuerint
998 1544 1050 1604 op·

96 1626 239 1689 pugnare.
265 1608 401 1671 viderunt
416 1628 468 1672 eos
482 1608 590 1672 milites
604 1610 729 1671 Romani
744 1618 881 1688 vagantes
896 1628 951 1689 per
963 1628 1050 1689 agros
1068 1618 1084 1668 t

96 1701 127 1755 ct
141 1700 337 1772 congregatos
350 1695 467 1772 agmine
477 1694 618 1771 praedam
632 1697 704 1771 prae
716 1711 748 1754 se
760 1700 896 1770 agentes,
912 1701 942 1754 et
954 1700 1050 1754 castra

95 1776 260 1838 cernebant
277 1777 356 1837 haud
373 1775 479 1854 procul
493 1777 561 1838 Veis
580 1778 684 1855 posita.
722 1775 791 1837 inde
810 1777 941 1856 primum
962 1777 1085 1838 mise-o

97 1861 172 1920 ratio
189 1861 250 1929 sui,
268 1858 375 1920 deinde
392 1859 551 1935 indignitas
565 1865 653 1937 atque
669 1878 705 1920 ex
722 1877 754 1921 oa
770 1861 815 1920 ira
831 1861 944 1922 animos
957 1862 1048 1939 cepit:

97 1942 269 2004 Etruscisne
284 1943 386 2012 edam,
406 1959 423 2002 a
439 1941 546 2020 quibus
559 1941 670 2003 bellum
681 1941 824 2003 Gallicum
840 1945 871 2004 in
886 1962 918 2005 se
930 1944 1050 2005 avertis·

98 2032 179 2097 sent,
201 2023 331 2086 ludibrio
347 2043 412 2086 esse
431 2023 529 2086 clades
542 2027 631 2105 suasi
660 2027 707 2086 vix
720 2032 922 2105 temperavere
936 2027 1051 2094 culmis,
1071 2037 1158 2083 td

99 2109 170 2187 quin
186 2107 334 2187 extemplo
354 2109 498 2187 impetum
523 2109 670 2179 facerent,
691 2111 903 2189 conpressique
917 2128 934 2171 a
950 2110 1051 2172 Caedi·

96 2192 145 2253 cio
162 2193 351 2263 centurione,
373 2209 461 2272 quem
482 2191 676 2272 sibimetipsi
699 2193 919 2271 praefecerant,
941 2211 1007 2255 rem
1021 2194 1053 2253 in

98 2282 216 2338 noctem
230 2278 406 2338 sustinuere.
437 2282 549 2337 nutum
559 2293 614 2354 par
629 2275 750 2337 Camillo
765 2276 858 2338 defuit
871 2283 989 2347 auctor,
1004 2295 1052 2337 ce·
1070 2286 1086 2336 8

98 2365 162 2421 tera
178 2360 282 2422 eodem
298 2359 402 2422 ordine
422 2359 585 2438 eodemque
599 2359 735 2420 fortunae
747 2367 852 2421 eventu
868 2367 958 2436 gesta.
980 2361 1069 2438 quin

99 2444 187 2504 ctiam
202 2443 327 2504 ducibus
340 2444 476 2522 captivis,
490 2444 542 2520 qul
556 2442 640 2502 caedi
656 2449 819 2502 nocturnae
834 2444 1051 2520 superfuerant,

99 2525 135 2586 ad
150 2524 237 2586 aliam
253 2544 374 2586 manum
388 2527 554 2585 Tuscorum
569 2525 606 2584 ad
622 2523 735 2584 Salinas
756 2524 884 2602 profecti
899 2532 987 2587 nocte
1007 2527 1052 2585 in·

99 2615 242 2685 sequente
260 2609 459 2685 exinproviso
476 2608 619 2668 maiorem
636 2607 755 2668 caedem
771 2607 907 2679 edidere,
928 2607 1052 2686 duplici-

100 2708 157 2770 que
171 2691 291 2751 victoria
310 2696 430 2752 ovantes
443 2690 530 2750 Veios
546 2691 680 2752 redeunt.

160 2774 256 2836 XLVI.
291 2773 403 2836 liomae
427 2774 546 2834 interim
570 2772 746 2852 plerumque
765 2773 879 2834 obsidio
905 2776 1003 2851 segnis
1026 2781 1087 2836 etl

100 2859 247 2935 utrimque
261 2857 411 2919 silentium
424 2875 489 2920 esse
512 2857 549 2917 ad
570 2857 600 2918 id
622 2864 736 2918 tantum
755 2858 876 2918 intentis
892 2857 998 2927 Gallis,
1015 2875 1054 2919 ne
1072 2895 1075 2900 -

100 2941 167 3019 quis
182 2940 310 3002 hostium
326 2941 450 3004 evadere
465 2942 543 3004 inter
557 2941 700 3002 stationes
713 2948 827 3019 posset,
845 2958 913 3004 cum
930 2949 1058 3019 repente

100 3025 213 3085 iuvenis
227 3024 377 3086 liomanus
391 3025 584 3087 admiratione
606 3027 638 3084 in
661 3043 693 3086 se
713 3027 791 3086 cives
804 3023 964 3104 hostesque
982 3041 1054 3085 con·

100 3109 195 3168 vertit
226 3109 402 3168 sacrificium
419 3116 483 3170 erat
497 3115 605 3169 statum
618 3109 650 3167 in
662 3105 807 3176 Quirinali
820 3107 896 3169 colle
908 3108 988 3185 genti
999 3107 1055 3168 ia·
1072 3117 1089 3167 2

101 3186 175 3253 biae.
208 3191 245 3251 ad
265 3190 296 3251 id
316 3191 483 3254 faciendum
500 3190 530 3253 C.
553 3189 661 3252 Fabius
685 3191 799 3252 Dorsuo
820 3191 934 3253 Gabino
955 3193 1055 3252 cinctu

99 3292 183 3337 sacra
199 3273 336 3335 manibus
351 3291 457 3352 gerens
472 3293 540 3336 cum
556 3274 593 3336 de
607 3273 750 3353 Capitolio
765 3275 982 3345 descendisset,
1000 3291 1055 3354 per

100 3357 211 3420 medias
231 3357 359 3419 hostium
381 3360 522 3420 stationes
540 3375 676 3436 egressus
692 3357 765 3420 nihil
783 3359 820 3419 ad
839 3377 941 3421 vocem
956 3359 1054 3420 cuius·

100 3457 186 3518 quam
201 3447 383 3504 terroremve
405 3449 503 3504 motus
524 3443 557 3501 in
579 3439 760 3511 Quirinalem
777 3439 884 3506 collem
903 3443 1053 3523 pervenit:
