2548 3954
528 192 623 233 1⁴1an
638 193 660 233 1.
684 191 753 232 nar.
771 185 794 233 l.

326 380 402 440 TlTl
417 380 490 441 LlVl
506 381 553 442 AB
569 382 669 444 URBE
684 381 844 445 CONDITA
861 379 972 442 LlBEll
988 378 1009 439 l.

158 510 171 561 1
253 507 274 567 1.
296 505 357 575 lam
377 509 506 584 primum
526 511 657 569 omnium
679 509 748 568 satis
770 506 885 570 constat
904 506 993 567 Troia
1015 506 1146 583 captain

191 598 305 654 ceteros
320 593 462 652 saevitum
474 610 538 653 esse
549 591 710 660 Troianos;
734 590 865 661 duobus,
882 592 1000 652 Aeneae
1015 588 1145 650 Anteno-

190 677 291 751 rique,
315 681 343 736 et
358 676 463 736 vetusti
476 675 541 736 iure
556 675 677 755 hospitii
692 683 720 736 et
736 677 805 753 qnia
819 676 902 754 pacis
916 672 1146 750 reddendaeque

190 757 319 819 Helenae
333 775 450 836 semper
465 765 600 821 auctores
615 760 749 829 inerunt,
771 776 858 820 omne
874 759 921 819 ins
934 755 1007 818 belli
1018 755 1144 818 Achivos

156 851 171 896 2
190 839 374 911 abstinuisse.
398 841 514 903 casibus
536 843 643 904 deinde
658 845 747 904 trariis
762 844 942 905 Antenorem
964 857 1031 902 cum
1045 838 1144 902 multi·

188 925 291 986 tudine
306 925 445 996 Enetum,
467 927 517 1004 qui
531 928 677 988 seditione
695 946 730 988 ex
745 925 946 1005 Paphlagonia
960 923 1039 1003 pulsi
1054 931 1084 986 et
1097 943 1144 985 se·

189 1009 241 1069 des
262 1015 290 1070 et
311 1009 416 1070 ducem
434 1027 506 1088 rege
521 1009 697 1090 Pylaemene
711 1012 747 1072 ad
762 1011 881 1071 Troiam
895 1011 1002 1071 amisso
1019 1026 1144 1087 quaere·

154 1103 171 1153 a
189 1090 268 1163 bant,
281 1094 396 1154 venisse
406 1094 438 1152 in
449 1094 594 1154 intumum
605 1097 695 1155 maris
708 1094 848 1155 Adriatici
859 1096 970 1162 sinum:
983 1092 1144 1170 Euganeis·

189 1192 264 1252 que,
287 1178 338 1252 qui
359 1178 437 1238 inter
457 1195 538 1238 mare
553 1177 700 1257 Alpesque
721 1176 905 1249 incolebant,
928 1175 1021 1256 pulsis
1034 1176 1144 1238 Enetos

189 1259 392 1338 Troianosque
405 1278 454 1322 cas
469 1263 599 1323 tenuisse
611 1269 717 1324 terras.
732 1269 761 1324 et
774 1264 805 1321 in
824 1279 911 1338 quem
922 1261 1019 1338 primo
1032 1261 1144 1340 egressi

188 1350 256 1403 sunt
270 1342 368 1403 locum
383 1344 471 1406 Troia
494 1352 631 1416 vocatur,
650 1363 786 1424 pagoque
801 1345 930 1405 Troiano
947 1344 1017 1405 inde
1034 1361 1144 1404 nomen

153 1433 246 1494 cest:
271 1444 344 1504 gens
366 1429 502 1489 universa
524 1430 627 1490 Veneti
654 1428 800 1507 appellati.
838 1428 966 1490 Aeneam
990 1425 1026 1488 ab
1055 1424 1144 1488 simili

189 1508 272 1569 clade
288 1510 376 1571 domo
386 1511 554 1590 profugum,
566 1511 618 1573 sed
632 1512 668 1572 ad
681 1514 792 1573 maiora
803 1530 905 1574 rerum
916 1511 998 1572 initia
1009 1511 1144 1573 ducenti·

188 1592 244 1653 bus
266 1593 333 1654 latis
355 1595 452 1672 primo
467 1596 497 1654 in
516 1595 718 1657 Macedoniam
728 1597 859 1666 venisse,
879 1595 949 1657 inde
963 1597 995 1655 in
1012 1593 1143 1656 Siciliam

188 1683 378 1752 quaerentem
399 1677 485 1739 sedes
510 1677 654 1750 delatum,
674 1678 711 1740 ab
735 1679 835 1742 Sicilia
852 1678 945 1742 classe
960 1678 997 1740 ad
1012 1677 1143 1754 Lauren·

150 1767 246 1826 utem
266 1777 369 1837 agrum
391 1763 529 1825 tenuisse.
560 1764 703 1825 Troia'et
720 1763 790 1823 huic
805 1762 872 1824 loco
888 1779 999 1824 nomen
1017 1770 1069 1822 est.
1100 1760 1142 1820 ibi

161 1925 162 1928 Ἴ
188 1845 299 1921 egressi
315 1844 450 1915 Troiani,
467 1854 498 1907 ut
512 1845 620 1925 quibus
634 1845 670 1908 ab
686 1849 821 1909 inmenso
837 1865 931 1925 prope
950 1863 1052 1908 errore
1067 1843 1141 1904 nihil

186 1935 305 2005 praeter
320 1946 401 1990 arma
418 1937 446 1992 et
460 1947 549 1994 nares
565 1939 764 2010 superessent,
781 1949 848 1992 oum
863 1930 1003 2008 praedam
1016 1947 1051 1990 ex
1062 1930 1141 2006 agris
1260 1953 1261 1959 ¹

186 2019 324 2088 agerent,
339 2012 460 2074 Latmus
475 2033 526 2076 rer
543 2013 792 2093 Aboriginesque,
809 2016 936 2093 quitum
952 2033 987 2076 ea
1000 2011 1142 2076 tenebant

185 2092 266 2164 loca,
292 2095 328 2155 ad
346 2097 505 2158 arcendam
520 2100 578 2158 vim
595 2099 772 2160 advenarum
788 2100 893 2159 armati
913 2117 948 2160 ex
963 2097 1038 2158 urbe
1054 2103 1143 2174 atque

152 2196 170 2247 e
186 2178 265 2255 agris
277 2189 467 2242 concurrunt.
484 2181 596 2259 Duplex
608 2183 677 2244 inde
688 2183 764 2243 lama
777 2190 834 2244 est:
847 2181 1021 2261 alliproelio
1032 2183 1141 2241 victum
1259 2189 1260 2197 ’

186 2260 320 2322 Latinum
334 2281 439 2340 paoem
461 2282 528 2326 cum
547 2265 661 2336 Aenea,
683 2266 790 2327 deinde
810 2265 990 2327 adfinitatem
1009 2265 1142 2326 iunxisse
1258 2299 1259 2308 =

152 2366 166 2413 7
185 2343 312 2415 tradunt,
326 2345 383 2416 alii,
401 2364 467 2407 cum
483 2350 643 2410 instructae
655 2351 734 2410 acies
746 2351 953 2419 constitissent,
967 2349 1141 2427 priusquam

185 2427 267 2504 signa
290 2438 444 2501 canerent,
467 2433 648 2510 processisse
663 2432 799 2494 Latinum
822 2434 900 2493 inter
919 2433 1068 2512 primores
1087 2432 1141 2491 du·

185 2527 309 2588 cemque
334 2513 513 2576 advenarum
528 2533 665 2580 evocasse
686 2516 721 2577 ad
737 2516 942 2593 conloquium
964 2521 1141 2595 percuncta·
1257 2547 1258 2586 3

184 2601 247 2654 tum
262 2596 383 2668 deinde,
404 2599 455 2675 qui
469 2597 607 2662 mortales
622 2607 735 2671 essent,
750 2601 829 2664 unde
845 2607 894 2660 aut
909 2616 967 2678 quo
985 2617 1056 2660 casu
1069 2616 1140 2678 pro·
1257 2595 1258 2618 i

184 2676 254 2737 lecti
265 2679 362 2749 domo,
379 2682 484 2758 quidve
496 2691 672 2760 quaerentes
683 2685 714 2744 in
725 2701 828 2762 agrum
840 2683 1052 2745 Laurentinum
1064 2683 1140 2744 exis·

151 2769 167 2818 Β
186 2768 265 2830 sent,
281 2769 435 2840 postquam
453 2767 579 2828 audierit
592 2766 808 2828 multitudinem
825 2767 969 2829 Troianos
986 2786 1065 2836 esse,
1084 2766 1139 2826 du·
1256 2791 1257 2800 ¹

186 2860 251 2903 cem
266 2845 394 2907 Aeneam
413 2847 505 2909 lilium
524 2847 669 2912 Anchisae
689 2857 717 2912 et
738 2851 874 2922 Veneris,
897 2857 1025 2913 cremata
1042 2851 1137 2929 patria

185 2924 271 2986 domo
293 2929 436 3009 profugos
455 2932 555 2994 sedem
577 2936 807 3012 condendaeque
826 2934 909 2996 urbis
929 2934 1028 2996 locum
1049 2951 1137 3010 quae·
1255 2965 1256 2976 ,

184 3025 267 3082 rere,
289 3020 318 3074 et
339 3013 521 3078 nobilitatem
537 3017 713 3080 admiratum
727 3019 822 3096 gentis
837 3019 950 3096 virique
965 3026 994 3080 et
1008 3018 1137 3078 anirnum

184 3091 229 3153 vel
242 3092 321 3158 bello
337 3097 382 3160 vel
396 3101 463 3178 paci
474 3109 610 3180 paratum
625 3102 728 3164 dextra
742 3101 807 3163 data
828 3102 915 3164 iidem
930 3102 1048 3163 futurae
1064 3101 1136 3161 ami·
1254 3163 1255 3182 ἶ

149 3186 166 3236 a
184 3179 270 3242 cltiae
285 3183 426 3250 sanxisse.
448 3184 517 3246 inde
534 3184 639 3248 foedus
651 3188 742 3247 ictum
757 3187 834 3248 inter
844 3186 944 3257 duces,
962 3188 1040 3247 inter
1053 3201 1136 3245 exer·

184 3262 258 3324 citus
277 3265 481 3330 salutationem
502 3269 624 3339 iactam
647 3271 777 3331 Aeneam
798 3270 876 3348 apud
888 3269 1025 3332 Latinum
1045 3268 1137 3344 luisse
1254 3281 1255 3300 i

181 3350 213 3408 in
235 3345 372 3426 hospitio.
400 3350 443 3412 ibi
457 3350 592 3415 Latinum
616 3354 692 3432 apud
711 3362 834 3432 penates
855 3354 927 3416 deos
942 3352 1136 3415 domesticum

182 3430 302 3510 publico
323 3433 491 3496 adiunxisse
519 3437 622 3499 foedus
645 3436 703 3498 illia
725 3438 840 3500 Aeneae
861 3439 892 3498 in
916 3437 1136 3500 matrimonium
