2580 3954
273 205 368 248 utens
385 206 429 248 iv.
460 205 529 248 our.
547 196 590 250 et.
606 198 651 250 to.
677 189 715 266 [a.
733 185 768 247 Ο.
783 187 910 264 auo-418]
1003 192 1064 254 239

112 355 199 415 mirris
212 354 347 424 innoxia,
363 353 400 414 ab
416 355 583 433 suspicione
598 359 721 433 propter
739 351 849 414 orditam
865 354 1063 414 amoeniorem

111 437 321 516 ingeniumque
335 436 458 498 liberius
472 454 560 515 quam
573 439 716 515 uirginem
731 436 816 498 decet
835 453 939 514 parum
957 435 1063 497 abhor-

112 539 191 582 rens.
219 538 283 582 cam
298 518 480 599 ampliatam,
503 519 609 581 deinde
625 519 788 580 absolutam
799 536 854 598 pro
868 518 984 596 collegii
995 538 1062 581 sen·
1084 531 1113 579 la

112 605 202 664 tentia
226 603 360 681 pontifex
386 603 531 664 maximus
551 603 699 664 abstinere
718 604 792 664 iocis
821 601 936 680 colique
960 610 1061 664 sancte

110 689 209 769 potius
225 703 313 763 quam
328 687 401 747 scite
413 686 507 746 iussit.
525 719 560 731 -
584 687 695 747 Eodem
710 703 788 747 anno
802 706 819 747 a
834 686 989 764 Campanis
1006 685 1061 747 Cu·

111 787 190 837 mae,
207 786 294 847 quarn
310 769 415 832 Graeci
429 777 492 829 tum
507 769 612 831 urbem
627 768 782 839 tenebant,
799 771 963 848 capiuntur.

174 853 335 930 Insequeus
350 870 444 913 annus
458 852 593 914 tribunos
612 853 737 913 militurn
754 852 901 914 consulari
917 859 1061 931 potestate
1081 859 1112 911 la

110 934 213 997 babuit
227 937 385 1015 Agrippam
399 937 566 998 Menenium
578 937 721 998 Lanatum
732 937 765 998 P.
783 936 953 998 Lucretium
968 937 1061 998 Trici·

111 1020 235 1098 pitiuum
249 1019 390 1098 Spurium
404 1019 541 1080 Nautium
558 1020 697 1081 Rutilum.

168 1103 252 1164 XLV.
281 1104 382 1164 Annus
401 1101 540 1164 felicitate
561 1103 664 1182 populi
677 1104 801 1163 Romani
816 1103 950 1180 periendo
965 1105 1061 1181 potius
1081 1111 1093 1161 1

111 1188 222 1263 urgenti
237 1203 325 1263 quam
346 1185 429 1246 clade
442 1187 574 1262 insignis.
608 1187 725 1246 servitia
745 1185 852 1246 urbem
867 1193 900 1246 ut
921 1186 1061 1246 incende·

111 1275 178 1329 rent
197 1267 373 1328 distantibus
395 1267 468 1328 locis
495 1269 703 1338 coniurarunt,
728 1267 897 1346 populoque
917 1268 954 1328 ad
974 1286 1061 1346 opem

111 1352 218 1430 passim
240 1351 393 1412 lereudam
415 1353 499 1412 tectis
519 1353 633 1412 intento
656 1357 689 1411 ut
709 1369 807 1412 arcem
829 1350 1062 1430 Capitoliumque

110 1435 215 1495 armati
228 1441 417 1513 occuparent.
448 1436 553 1496 avertit
572 1435 698 1496 nefanda
714 1434 833 1496 consilia
848 1435 996 1514 luppiter,
1016 1437 1061 1494 in·
1080 1441 1095 1488 2

109 1519 245 1597 dicioque
272 1517 398 1578 duorum
422 1517 620 1597 conprehensi
644 1526 744 1581 sontes
772 1536 883 1597 poenas
907 1517 1060 1579 dederunt.

108 1601 254 1662 indicibus
269 1599 344 1662 dena
359 1601 439 1662 milia
453 1603 548 1680 gravis
563 1604 655 1673 aeris,
671 1611 824 1681 quactum
839 1601 955 1662 divitiae
969 1600 1060 1663 habe·

109 1683 231 1755 bantur,
249 1704 284 1747 ex
301 1687 414 1746 aerario
425 1693 579 1748 numerata
594 1693 623 1748 et
632 1685 755 1747 libertas
768 1686 933 1764 praemium
944 1685 1007 1745 luit.
1022 1718 1057 1730 -·

108 1767 223 1829 Bellum
238 1768 307 1829 inde
322 1768 359 1829 ab
374 1771 483 1847 Aequis
497 1771 630 1849 reparari
643 1777 798 1850 coeptum:
816 1777 844 1828 et
859 1785 951 1828 noros
960 1765 1061 1829 hostes
1079 1773 1095 1824 3

108 1850 271 1911 Labicanos
293 1850 412 1912 consilia
437 1868 505 1911 cum
527 1852 676 1913 veteribus
698 1854 821 1930 iungere
842 1851 921 1912 baud
940 1852 1061 1912 incertis

109 1933 279 1994 auctoribus
293 1932 417 1994 Romam
432 1941 477 1996 est
492 1933 621 1995 aliatum.
653 1937 823 2013 Aequorum
839 1936 898 1996 iam
912 1932 992 1996 velut
1009 1952 1060 1994 arr·
1078 1931 1106 1988 e*

108 2016 277 2077 niversarlis
295 2019 386 2077 armis
399 2017 572 2080 adsueverat
589 2019 704 2079 civitas:
733 2017 858 2079 Labicos
874 2017 963 2094 legati
979 2017 1061 2078 missi

109 2110 176 2163 oum
202 2115 344 2178 respousa
370 2101 438 2162 inde
464 2100 634 2163 retulissent
654 2101 757 2172 dubia,
788 2100 896 2180 quibus
924 2117 979 2162 uec
997 2105 1060 2160 turn

107 2181 219 2243 bellum
234 2184 397 2261 pararinec
417 2185 585 2245 diuturnam
599 2203 703 2263 pacem
721 2185 785 2246 lcre
803 2190 975 2263 appareret,
1000 2183 1059 2243 Tu·

108 2264 234 2327 sculanis
256 2269 406 2344 negotium
428 2268 546 2338 datum,
570 2269 757 2331 adverterent
779 2269 908 2338 animos,
930 2267 1059 2345 nequid

107 2351 174 2408 nori
190 2347 334 2412 turnultus
347 2350 463 2412 Labicis
479 2360 623 2414 oreretur.

167 2433 210 2494 Ad
231 2435 412 2510 insequentis
431 2437 502 2495 anni
531 2434 666 2495 tribunos
692 2434 815 2495 militum
837 2435 985 2495 consulari
1007 2445 1093 2512 po-5

106 2523 210 2576 testate
220 2517 294 2575 inito
306 2519 475 2593 magistratu
487 2516 574 2594 legati
586 2517 622 2577 ab
634 2515 761 2577 Tusculo
773 2527 926 2586 venerunt,
943 2517 975 2577 L.
991 2518 1060 2580 Ser·

10 2641 11 2646 η
107 2599 188 2676 glum
209 2597 379 2659 Fidenatem
402 2599 439 2658 Μ.
468 2600 618 2677 Papirium
643 2597 821 2676 Mugilanum
843 2600 874 2660 C.
904 2599 1059 2661 Seruilium

106 2681 202 2743 Prisci
215 2679 323 2752 lilium,
340 2697 399 2759 quo
415 2682 556 2743 dictatore
569 2681 699 2743 Fidenae
713 2689 814 2760 captae
830 2685 955 2744 lucrant,
985 2700 1060 2744 nun·
1078 2691 1095 2742 a

106 2763 219 2825 tiabaut
234 2762 322 2842 legati
338 2764 502 2828 Labicanos
519 2783 598 2826 arum
618 2767 746 2844 cepisse,
764 2774 792 2827 et
809 2784 877 2826 cum
891 2769 1060 2844 Aequorum

107 2848 237 2909 exercitu
253 2848 446 2927 depopulatos
468 2867 570 2928 agrum
585 2848 782 2911 Tusculanum
798 2858 894 2911 castra
908 2851 940 2909 iu
955 2849 1059 2927 Algido
1277 2891 1278 2923 q

105 2931 249 3009 posuisse.
278 2940 339 2992 tum
361 2932 518 2994 Labicanis
539 2931 649 2995 bellurn
670 2933 829 3001 indictum;
854 2935 990 3010 laetoque
1013 2953 1059 2996 se·
1077 2923 1225 2990 fr*
1276 3005 1277 3010 γ

106 3020 193 3074 natus
208 3013 357 3086 consulto,
381 3025 414 3076 ut
428 3017 486 3078 duo
509 3035 544 3078 ex
560 3016 687 3076 tribunis
704 3016 741 3076 ad
758 3015 869 3078 bellum
890 3018 1058 3094 prolioisoe·

105 3103 219 3166 rentur,
230 3113 307 3158 uuus
316 3115 366 3159 res
379 3098 490 3161 Romae
503 3107 630 3168 curaret,
646 3108 795 3162 certamen
810 3099 907 3160 subito
919 3101 997 3159 inter
1008 3100 1059 3159 tri·

104 3179 202 3243 bunos
221 3189 365 3242 exortum.
398 3185 569 3261 aequisque
587 3181 660 3244 belli
681 3182 786 3244 ducem
807 3184 952 3260 potiorem
970 3184 1059 3251 lerre,

106 3281 207 3326 curam
222 3262 307 3326 urbis
320 3273 353 3325 ut
366 3266 526 3342 ingratam,
546 3265 708 3344 ignobilem
732 3267 893 3344 aspernari.
923 3284 990 3326 cum
1009 3284 1059 3344 pa·
1077 3271 1094 3323 θ

107 3365 173 3407 rum
192 3348 332 3410 decorum
356 3351 433 3410 inter
455 3348 583 3426 collegas
602 3357 751 3412 certamen
773 3348 942 3410 mirabundi
961 3361 1059 3426 patres

10 3413 12 3528 Ι
106 3432 327 3509 conspicerent,
357 3430 390 3501 Q.
413 3432 560 3494 'Servilius
579 3433 719 3512 „quaudo
746 3450 802 3494 noo
829 3433 940 3494 ordinis
972 3432 1059 3494 huius
