2572 3956
330 233 425 276 ursan
440 234 461 274 1.
490 231 561 275 oar.
578 225 622 278 59.
638 224 682 279 60.
707 213 747 297 [a.
766 213 879 294 &5101
1040 221 1079 286 bl

125 385 241 462 regium
262 399 297 442 ao
319 382 379 441 rim
405 389 578 458 queruntur.
606 389 703 444 moret
728 399 795 446 cum
815 385 907 462 patris
928 385 1117 456 maestitiae

125 475 187 529 tum
202 465 310 526 brutus
327 466 485 542 castigator
504 463 693 526 lacrimarum
707 472 795 544 atque
809 468 949 530 inertium
964 467 1081 544 querel-

125 551 221 612 larum
245 556 422 625 auctorque,
451 548 530 626 quod
550 549 645 619 viros,
672 550 751 627 quod
778 550 927 612 Romanos
953 551 1081 622 deceret,

125 651 206 695 erma
222 631 359 712 capiendi
373 632 513 694 adversus
528 630 645 694 hostilia
659 651 756 696 tarsos.
788 635 991 699 ferocissimus
1002 635 1082 712 quis·
1100 643 1117 694 u

125 734 184 794 que
204 717 344 777 iuvenum
370 733 438 776 carm
458 717 549 777 armis
575 714 757 779 voluntarius
775 718 872 788 adest,
900 719 1033 798 sequitur
1054 727 1084 780 ct

126 808 222 862 cetera
246 801 389 860 iuventus
421 799 491 861 inde
510 800 576 879 pari
597 801 746 877 praesidio
766 801 871 864 relicte
886 799 1026 865 Collatiae
1045 802 1082 862 ad

125 891 242 962 portas,
266 881 498 960 custodibusque
513 883 601 954 datis,
618 901 657 945 ne
673 886 820 963 quiscum
834 893 947 948 motum
961 883 1083 965 regibus

125 968 283 1036 nuntiaret,
299 969 392 1028 ceteri
405 969 510 1028 armati
527 967 601 1029 duce
618 967 710 1029 bruto
724 968 849 1032 Romam
863 970 999 1049 proiecti.
1031 967 1084 1030 ubi
1100 972 1118 1026 b

126 1069 161 1113 eo
176 1058 294 1112 ventum
311 1059 362 1120 est,
396 1067 582 1129 quacumque
598 1051 709 1114 incedit
723 1061 833 1114 armata
848 1053 1013 1124 multitudo,
1030 1071 1082 1132 pa·

124 1152 227 1197 rorem
247 1152 283 1195 ac
304 1133 461 1194 tumultum
482 1135 560 1196 iacit.
603 1153 707 1198 rursus
728 1135 781 1198 ubl
800 1138 914 1199 anteire
934 1138 1083 1216 primores

127 1219 256 1280 civitatis
277 1217 391 1289 rident,
417 1218 560 1296 quidquid
580 1221 634 1290 sit,
654 1219 733 1281 baud
753 1228 867 1282 temere
887 1240 953 1284 esse
967 1228 1083 1282 rentur.

127 1319 183 1364 noo
197 1304 345 1364 nunorem
360 1309 473 1362 motum
490 1303 657 1363 animorum
672 1302 784 1365 Romae
801 1312 861 1366 tam
876 1311 961 1366 atrox
976 1321 1026 1366 res
1040 1303 1082 1364 fa·
1100 1314 1118 1365 ’1

126 1388 174 1455 cit,
190 1403 278 1464 quam
293 1384 433 1448 Collatiae
453 1386 575 1448 lecerat.
607 1403 679 1466 crgo
695 1405 731 1449 ex
753 1385 891 1449 manibus
910 1387 985 1450 locis
1001 1385 1085 1450 urbis

125 1471 157 1531 in
180 1469 278 1530 lorum
299 1470 439 1530 curritur.
471 1487 530 1548 quo
547 1469 635 1531 simul
651 1479 770 1532 rentum
783 1481 835 1542 est,
853 1489 962 1550 praeco
979 1472 1016 1533 ad
1030 1471 1084 1532 tri·

125 1552 238 1619 bunum
255 1552 398 1624 Celerum,
414 1555 446 1614 in
462 1571 521 1632 quo
535 1561 598 1614 tum
608 1556 781 1634 magIstratu
795 1555 872 1618 forte
885 1555 995 1618 Brutus
1011 1561 1083 1626 eret,

125 1636 268 1718 populum
295 1637 454 1698 advocarit.
491 1636 534 1697 ibi
561 1640 655 1698 oratio
680 1639 780 1700 habita
797 1656 994 1718 nequaquam
1020 1640 1084 1700 cius
1113 1643 1130 1696 8

125 1722 257 1802 pectoris
273 1722 454 1799 ingeniique,
470 1721 549 1799 quod
564 1721 732 1783 simulatum
751 1724 788 1784 ed
803 1742 868 1785 eam
882 1723 961 1784 diem
977 1723 1082 1792 luerat,

127 1805 163 1867 de
181 1806 209 1866 ri
226 1823 261 1866 ao
275 1803 399 1866 libidine
417 1805 483 1866 Sex.
496 1805 659 1882 Tarquinii,
676 1806 713 1869 de
724 1814 828 1886 stupro
839 1807 960 1868 infando
972 1806 1083 1868 Lucre·

127 1890 184 1950 tiae
200 1896 230 1950 et
241 1887 406 1950 miserabili
420 1888 519 1958 caede,
536 1889 572 1952 de
587 1887 713 1951 orbitate
728 1889 904 1968 Tricipitini,
922 1891 971 1951 cul
988 1895 1084 1950 morte

126 1971 203 2038 tiliae
220 1990 307 2033 causa
327 1973 432 2033 mortis
448 1972 599 2050 indignior
619 1990 653 2034 ac
666 1972 865 2034 miserabilior
879 1981 965 2035 esset
987 1972 1119 2034 additatl

126 2054 266 2134 superbia
281 2056 374 2134 ipsius
387 2056 468 2134 regis
480 2057 678 2133 miseriaeque
692 2063 722 2117 et
736 2055 856 2118 labores
870 2055 966 2134 plebis
977 2059 1009 2117 in
1023 2056 1083 2117 los·

126 2158 173 2201 sas
195 2139 371 2216 cloacasque
390 2139 604 2200 exhauriendas
625 2140 796 2209 demersae:
818 2139 968 2201 Romanos
988 2138 1084 2202 homi·

127 2240 195 2294 nes,
216 2224 344 2284 victores
364 2224 497 2283 omnium
515 2223 596 2284 circa
610 2223 800 2302 populorum,
821 2223 943 2304 opifices
960 2241 995 2284 ac
1009 2222 1083 2301 lapi·

128 2306 210 2368 cidas
230 2323 285 2386 pro
305 2304 501 2367 bellatoribus
522 2306 625 2368 laotos.
663 2307 784 2386 indigna
807 2309 891 2369 Servi
906 2305 985 2368 'lulli
1004 2307 1085 2385 regis
1101 2311 1132 2363 10

129 2398 291 2452 memorata
311 2389 409 2452 caedis
430 2400 459 2452 et
478 2390 592 2452 invecta
608 2408 735 2469 corpore
751 2393 844 2470 patris
859 2391 987 2452 nefando
1004 2389 1083 2452 vebi-

127 2472 194 2534 culo
209 2473 284 2545 fllia,
307 2475 495 2550 invocatique
516 2472 628 2536 ultores
641 2482 797 2552 parentum
812 2475 861 2536 dii.
893 2473 941 2536 bis
957 2474 1084 2536 atroclo·
1101 2487 1132 2539 tl

126 2556 269 2634 ribusque
296 2557 386 2619 oredo
408 2556 488 2627 aliis,
525 2573 601 2634 quae
627 2575 770 2635 praesens
796 2574 898 2618 rerum
925 2556 1085 2634 indignitas

127 2641 354 2720 haudquaquam
365 2639 460 2702 relattr
469 2639 665 2718 scriptoribus
676 2640 774 2701 facilia
785 2638 902 2710 subicit,
915 2640 1085 2701 memoratis

126 2727 281 2786 incensam
303 2723 518 2788 multitudinem
533 2721 678 2804 perpulit,
698 2730 731 2784 ut
746 2725 904 2803 imperium
918 2725 983 2801 regi
997 2721 1085 2786 abro-

127 2815 220 2886 garet,
238 2808 397 2885 exulesque
413 2827 477 2869 esse
491 2805 608 2870 iuberet
617 2807 650 2868 L.
664 2808 857 2886 Tarquinium
874 2825 943 2870 cum
959 2808 1085 2885 coniuge

127 2909 163 2952 ac
177 2890 288 2953 liberis.
310 2892 374 2971 lpse
389 2889 566 2960 iunioribus,
580 2893 631 2968 qui
645 2890 724 2952 ultro
735 2893 856 2952 nomina
867 2890 983 2962 dabant,
999 2889 1084 2952 lectis
1104 2895 1135 2946 12

128 2976 307 3053 armatisque
333 2975 371 3035 ad
399 2974 607 3036 concitandum
627 2975 696 3036 inde
716 2975 856 3038 adversus
876 2992 979 3055 regem
999 2993 1084 3036 exer·

128 3060 219 3120 citum
230 3059 357 3120 Ardeam
378 3061 410 3120 in
426 3066 521 3120 castra
537 3064 581 3120 est
595 3059 944 3138 prolectusaimperium
963 3059 995 3118 in
1009 3057 1084 3118 urbe

127 3141 281 3214 Lucretio,
304 3142 454 3221 praefecto
469 3141 553 3204 urbis
575 3143 635 3204 iam
651 3150 719 3204 ante
735 3141 772 3203 ab
788 3160 859 3220 rege
874 3143 1016 3211 instituto,
1035 3159 1083 3202 re·

127 3223 244 3302 linquit
273 3228 352 3288 inter
372 3226 452 3286 hunc
471 3225 628 3286 tumultum
642 3225 737 3287 'lullia
757 3226 844 3287 domo
865 3225 996 3305 profugit
1015 3242 1082 3286 exe·
1103 3232 1134 3284 ta

128 3309 280 3372 crantibus
303 3326 488 3389 quacumque
507 3309 662 3372 incedebat
683 3307 946 3386 invocantibusque
975 3327 1082 3388 paren·

127 3399 191 3452 tum
205 3393 298 3456 furias
311 3395 382 3456 viris
396 3392 637 3472 mulieribusque.

191 3475 250 3538 Lx.
276 3477 389 3556 Harum
408 3496 509 3540 rerum
532 3479 644 3540 nuntiis
662 3479 694 3538 in
717 3485 812 3540 castra
830 3477 951 3557 perlatis
966 3495 1034 3540 cum
1048 3493 1083 3536 re
1102 3480 1115 3532 1
