2580 3954
371 242 466 282 aman
482 241 527 283 rr.
553 239 624 282 oar.
641 231 684 284 14.
700 234 743 286 15.
768 218 808 303 [a.
822 219 929 302 date]
1061 225 1120 289 211

117 397 121 408 '
169 391 312 451 dictatore
330 385 470 449 Seruilius
495 390 636 466 magister
654 391 785 468 equitum
808 388 845 450 ad
861 388 998 450 llaelium
1020 394 1124 458 „vocat

55 465 56 472 '
168 481 218 534 te“
236 473 331 551 inquit
345 471 521 540 „dictator.“
550 490 618 532 oum
639 473 761 552 pavidus
775 471 826 534 ille
841 472 913 550 quid
926 470 1013 532 vellet
1034 487 1123 547 quae·

168 563 264 623 reret,
281 550 480 632 Serviliusque
492 571 611 617 causam
624 556 777 618 dicendam
790 575 855 617 esse
869 561 1052 635 proponeret
1066 555 1124 614 cri·

168 655 297 716 menque
316 636 475 700 allinucio
490 637 620 700 delatum
641 640 678 700 ad
692 647 828 702 senatum
845 639 1032 708 diluendum,
1053 643 1124 698 tunc
1142 651 1159 700 l

169 721 291 784 Maelius
306 723 442 800 recipere
456 741 488 784 se
505 723 537 782 in
553 729 700 784 catervam
715 741 853 793 suorum,
877 729 907 784 et
922 723 1051 800 primum
1066 722 1124 782 eir·

170 811 358 884 cumpectans
376 806 580 884 tergiversarir
603 813 769 885 pestremo,
794 825 862 867 cum
877 807 1028 886 apparitor
1042 806 1125 866 iussu

169 889 301 966 magistri
319 889 450 967 equitum
467 889 604 961 duceret,
627 897 747 969 ereptus
769 909 786 951 a
802 887 1063 952 circumstantibus
1079 886 1125 948 iu·
1143 902 1159 953 b

168 974 309 1050 giensque
326 971 414 1033 fldem
433 971 529 1050 plebis
546 974 696 1036 Romanae
710 973 878 1054 inplorare,
903 979 933 1034 et
949 972 1078 1050 opprimi
1093 989 1125 1032 se

168 1073 314 1117 consensu
342 1064 459 1135 patrum
480 1056 595 1127 dicere,
626 1058 705 1136 quod
731 1055 813 1136 plebi
840 1056 968 1134 benigne
989 1056 1123 1122 iecisset;

168 1157 269 1209 crare,
293 1145 326 1200 nt
345 1157 433 1219 opem
455 1139 512 1201 sibi
527 1139 630 1201 ultimo
654 1141 686 1201 in
708 1141 879 1203 discrimine
901 1140 1029 1208 lerrent,
1051 1155 1125 1200 neve

167 1231 234 1284 ante
249 1221 352 1284 oculos
366 1240 436 1284 suos
449 1224 593 1285 trucidari
610 1225 751 1286 sinerent.
784 1223 858 1284 haec
879 1241 947 1284 eum
961 1222 1124 1282 vociferari·
1142 1231 1159 1282 t

169 1317 226 1370 tem
249 1306 407 1368 adsecutus
431 1306 523 1368 Abala
546 1306 687 1369 Servilius
711 1305 884 1376 obtruncat,
910 1322 1125 1385 respersusque

168 1407 275 1452 cruore
291 1389 476 1461 obtruncati,
497 1393 621 1471 stipatus
633 1397 748 1452 caterva
763 1391 959 1470 patriciorum
974 1390 1124 1458 iuvenum,

168 1475 304 1535 dictatori
314 1476 466 1535 renuntiat
477 1481 612 1536 vocatum
623 1473 659 1534 ad
673 1491 740 1536 eum
751 1473 889 1535 Maelium
899 1472 1022 1553 repulso
1035 1489 1124 1551 appa·

167 1560 260 1619 ritere
272 1557 469 1620 concitantem
485 1558 703 1622 multitudinem
712 1575 839 1637 poenam
851 1559 987 1619 meritam
1003 1555 1124 1616 habere.

167 1647 230 1701 tum
246 1641 372 1702 dictator
386 1650 502 1711 „macte
519 1645 645 1704 virtute“
664 1643 776 1722 inquit,
800 1641 852 1711 „C.
868 1639 988 1710 Servili,
1012 1646 1075 1700 este
1089 1637 1124 1699 li·
1142 1652 1252 1720 7&

167 1724 270 1786 berata
280 1743 314 1787 re
329 1723 480 1804 publica.“

250 1807 308 1869 llV.
341 1807 581 1870 Tumultuantem
617 1807 723 1871 deinde
758 1807 978 1871 multitudinem
1009 1807 1157 1872 incentat

169 1893 382 1954 existimatione
396 1890 467 1952 iacti
482 1890 518 1952 ad
534 1893 702 1954 contionem
713 1893 813 1952 vocari
825 1892 925 1962 iussit,
942 1895 971 1952 et
987 1887 1124 1951 Maelium

167 1978 232 2037 iure
248 1993 367 2038 caesum
386 1975 602 2054 pronuntiavit,
624 1977 711 2037 etiam
732 1976 757 2036 si
771 1976 858 2053 regni
877 1975 1001 2036 crimine
1020 1974 1124 2034 insons

167 2061 273 2130 luerit,
289 2061 339 2138 qui
355 2065 503 2120 vocatusa
518 2059 659 2136 magistro
674 2060 805 2138 equitum
820 2058 856 2120 ad
874 2059 1049 2120 dictatorem
1063 2073 1128 2117 non

169 2144 304 2206 venisset.
339 2162 371 2204 sc
394 2141 430 2204 ad
453 2159 573 2204 oausam
599 2142 835 2221 cognoscendam
855 2142 1039 2210 consedisse,
1066 2156 1158 2218 quaa

169 2228 285 2304 cognita
303 2225 475 2287 habiturum
493 2225 584 2288 luisse
598 2225 734 2288 Maelium
757 2225 882 2288 similem
900 2244 1006 2287 causae
1029 2225 1124 2285 sortu-

167 2329 251 2372 nam:
274 2311 333 2371 vim
347 2315 517 2388 parantem,
540 2328 578 2372 ne
592 2311 700 2371 iudicio
719 2329 752 2372 se
768 2311 980 2380 committeret,
995 2309 1024 2368 ri
1039 2326 1124 2369 coer·

169 2396 258 2454 citum
281 2412 354 2456 esse.
392 2411 449 2455 nec
478 2411 545 2455 cum
572 2412 607 2455 eo
631 2401 780 2470 tamquam
805 2411 873 2454 cum
895 2395 956 2454 cire
977 2391 1124 2470 agendum

167 2479 272 2546 inisse,
296 2479 348 2556 qui
361 2483 447 2538 natus
457 2479 489 2538 in
504 2475 600 2538 libero
614 2477 724 2556 popule
740 2479 817 2538 inter
834 2479 900 2536 iura
910 2475 1066 2553 legesque,
1088 2492 1124 2536 ex
1141 2488 1158 2540 a

168 2577 226 2639 qua
248 2559 324 2622 urba
348 2577 434 2638 reges
455 2567 572 2622 exactos
593 2562 698 2631 sciret,
725 2560 889 2638 eodemque
911 2575 989 2620 anno
1012 2559 1124 2618 sororis

168 2644 244 2704 lilios
256 2645 335 2722 regis
347 2649 376 2705 et
392 2642 503 2706 llberos
514 2645 657 2715 consulis,
672 2644 840 2706 liberatoris
853 2643 984 2722 patriae,
1000 2647 1123 2720 propter

112 2746 115 2750 ·
167 2728 334 2807 pactionem
353 2727 510 2791 indicatam
529 2729 769 2807 recipiendorum
794 2729 825 2788 in
844 2726 952 2788 urbem
981 2742 1086 2802 regum
1106 2743 1123 2785 a

168 2819 252 2889 patre
273 2813 372 2873 securi
390 2830 454 2874 esse
470 2829 644 2891 percussos;
666 2831 701 2874 ex
723 2830 780 2891 qua
795 2810 982 2874 Conlatinum
997 2809 1122 2886 Tarqui·
1140 2823 1157 2870 4

168 2895 249 2955 nium
264 2894 415 2958 consulem
429 2896 558 2957 nominis
569 2895 637 2958 edio
648 2895 786 2957 abdicare
801 2915 833 2958 se
846 2883 1020 2973 magistratu
1034 2898 1123 2971 atque

168 2977 288 3039 exulare
302 2980 430 3048 iussum;
453 2981 485 3040 in
500 2997 557 3057 qua
575 2979 611 3041 da
627 2980 735 3059 Spurio
750 2979 849 3042 Cassio
863 2984 931 3058 post
945 2977 1057 3056 aliquot
1071 2994 1122 3036 an-

167 3077 222 3122 nos
236 3068 359 3140 prepter
375 3060 495 3123 consilia
511 3064 584 3124 inita
604 3063 641 3124 de
654 3080 747 3141 regno
763 3061 942 3143 supplicium
955 3065 1122 3138 sumptum3

165 3146 268 3224 inqua
290 3161 386 3224 nuper
402 3143 583 3208 decemviros
595 3145 681 3208 bonis
698 3145 783 3208 exibo
810 3147 905 3224 capite
924 3142 1062 3204 multatos
1084 3141 1122 3204 ob

165 3228 335 3308 superbiam
349 3229 477 3306 regiam,
499 3231 531 3290 in
552 3249 586 3292 ca
602 3231 652 3308 Sp.
668 3229 790 3292 blaelius
804 3247 887 3308 spem
908 3229 994 3305 regni
1016 3244 1122 3287 conce·

166 3314 251 3391 perit.
282 3319 312 3375 et
322 3313 388 3393 quis
396 3311 505 3374 hemel
528 3331 705 3392 quamquam
720 3312 831 3375 nullam
842 3310 1039 3380 nobilitatem,
1056 3309 1122 3370 nul·
1140 3319 1156 3370 tt

166 3396 210 3458 los
224 3396 368 3467 honores,
384 3395 464 3457 nulla
476 3398 582 3458 merita
598 3399 734 3476 cuiquam
750 3397 787 3458 ad
801 3396 1031 3458 destinationem
1047 3411 1121 3472 pan·

165 3477 236 3543 ’lere
247 3483 337 3550 viam;
351 3481 403 3544 sed
414 3486 512 3544 tamen
521 3479 658 3544 Claudios
669 3481 783 3543 Cassios
792 3476 992 3624 consulaltiibps
1001 3479 1120 3538 decem·
