2572 3956
219 199 280 264 122
355 215 452 258 arene
470 213 505 256 11.
535 213 607 257 oar».
623 205 666 262 61.
680 205 724 260 su
750 195 791 273 [a
806 215 838 258 n.
858 217 885 255 e
901 193 1032 274 usim]

216 370 365 448 umquam
383 365 471 424 tertio
486 362 602 424 consuli
626 361 835 424 sustinentlbt.
851 361 976 423 Duillius
998 371 1026 424 et
1042 363 1093 426 (lu.
1110 363 1176 426 Sio-

183 449 281 515 soius
299 447 377 508 diem
392 446 503 508 dixere
536 464 697 524 numquam
718 452 786 507 ante
802 447 890 506 tam
881 446 993 507 rnrisus
1007 446 1089 526 plebi
1103 465 1175 510 reus

216 531 254 591 ad
274 531 417 592 iudicium
434 535 555 590 voratus
578 528 682 608 populi
698 535 758 598 est,
779 528 886 608 plenus
907 545 1043 602 suarum,
1066 530 1175 610 plenus

182 633 200 682 a
216 615 434 695 paternarum
425 629 547 674 ararum.
577 619 677 692 patres
691 630 811 692 quoque
831 629 893 674 non
908 619 1021 675 umere
1039 632 1095 694 pro
1110 613 1173 675 ullo

215 715 309 777 aeque
325 697 421 758 adnisi
436 703 521 758 sunt:
546 703 799 775 propugnatorem
813 701 933 757 sanatus
953 699 1175 776 maiestatisque
1276 733 1279 741 »

215 781 362 842 vindicem
377 798 465 848 suae,
480 779 518 838 ad
535 794 639 839 omues
652 776 828 839 tribunicios
845 777 1037 858 plebeiosque
1052 783 1175 860 opposi·
1279 767 1281 796 ¹

215 870 278 924 turn
297 862 459 932 tumultus,
481 860 603 922 modum
620 861 792 922 dumtaxat
783 879 814 922 ru
833 863 995 924 certamine
1008 881 1170 942 egressum,

181 949 306 1008 piratae
328 945 407 1007 obiei
428 943 517 1024 plebi.
548 961 625 1006 unus
639 964 655 1006 e
670 943 805 1022 patribus
828 945 893 1022 ipse
914 945 968 1024 Ap.
985 946 1123 1010 Claudius
1145 956 1175 1008 et

213 1029 351 1090 tribunos
368 1035 397 1090 et
414 1027 533 1108 plebem
551 1034 580 1090 et
595 1046 682 1088 suum
695 1027 838 1089 iudicium
855 1029 1018 1106 pronihilo
1033 1029 1173 1092 babebat.

213 1112 298 1174 illum
320 1130 381 1174 non
403 1113 501 1174 minae
521 1110 632 1191 plebis,
655 1128 715 1171 non
738 1118 857 1172 senatus
879 1129 984 1191 preces
1005 1113 1175 1192 perpellere

212 1215 353 1275 umquam
367 1202 508 1275 potuere,
524 1212 585 1256 non
600 1194 689 1257 modo
704 1201 736 1255 ut
752 1201 862 1256 restem
876 1202 1018 1266 mutaret,
1035 1205 1086 1258 aut
1101 1215 1174 1276 sup-

212 1280 281 1361 plex
302 1287 460 1359 prensaret
480 1279 632 1349 homines,
660 1278 713 1340 sed
732 1295 771 1340 ne
788 1285 823 1339 ut
840 1296 875 1339 ex
892 1285 1033 1340 consueta
1053 1281 1173 1359 quidem

214 1365 372 1442 asperitate
387 1364 539 1432 orationis,
556 1379 624 1423 eum
639 1362 676 1423 ad
690 1361 834 1441 poprdum
844 1362 957 1440 agenda
977 1379 1066 1425 eausa
1084 1371 1171 1436 esset,

180 1459 197 1510 o
215 1447 324 1526 aliquid
342 1445 449 1508 leniret
462 1453 549 1524 atque
566 1445 762 1506 submitteret
797 1446 877 1507 idem
892 1445 1009 1508 babitus
1024 1449 1100 1518 oris,
1122 1466 1174 1509 ea·

215 1531 283 1592 dem
297 1530 482 1590 contumacia
497 1531 528 1588 in
542 1527 640 1598 vultu,
660 1529 741 1589 idem
758 1531 790 1590 iu
805 1531 939 1592 oratione
960 1531 1083 1608 spiritus
1099 1539 1173 1602 erat,

214 1615 289 1675 adeo
300 1621 333 1674 ut
346 1629 451 1691 magna
466 1629 536 1691 pars
552 1611 650 1691 plebis
660 1612 789 1691 Appium
801 1629 862 1673 non
874 1614 972 1675 minus
986 1632 1072 1676 reum
1087 1611 1173 1676 tinie-

181 1707 197 1756 7
214 1704 274 1768 ret,
300 1715 389 1775 quarn
403 1695 557 1757 consulem
576 1697 723 1758 timuerat
753 1695 845 1758 semel
866 1714 985 1758 eausam
998 1698 1084 1770 dixit,
1112 1715 1173 1777 quo

214 1798 333 1860 semper
344 1780 537 1858 agereomnia
549 1778 653 1841 solitus
666 1785 737 1850 erat,
750 1781 935 1841 accusatorio
946 1782 1069 1861 spiritu;
1082 1781 1173 1843 adeo-

214 1883 272 1943 que
290 1865 452 1925 constantia
469 1881 521 1924 sua
539 1869 569 1924 et
586 1862 723 1924 tribunos
738 1862 934 1943 obstupefecit
949 1872 978 1926 et
995 1864 1123 1943 plebem,
1141 1872 1175 1926 ut

214 1949 292 2010 diem
313 1948 372 2027 ipsi
394 1965 446 2009 sua
473 1945 622 2008 voluntate
644 1947 849 2027 prodicerent,
872 1947 949 2009 trahi
972 1948 1081 2010 deinde
1107 1967 1174 2012 rem

179 2035 355 2094 tsinereut.
391 2030 470 2092 baud
489 2033 529 2092 ita
552 2030 677 2093 multum
700 2032 819 2092 iuterim
840 2034 984 2112 temporis
1004 2031 1078 2101 iuit;
1104 2041 1175 2094 aute

179 2130 196 2182 o
213 2123 322 2185 tamem
337 2132 426 2192 quarn
437 2114 573 2194 prodicta
587 2115 649 2175 dies
665 2116 788 2186 reniret,
803 2114 908 2176 morbo
923 2118 1060 2176 moritur.
1087 2117 1174 2178 euius

214 2217 283 2260 eum
294 2197 493 2259 laudationem
504 2196 719 2276 tribuniplebis
730 2199 876 2279 impedire
887 2206 1075 2272 conarentur,
1087 2197 1174 2278 plebs

212 2282 346 2344 fraudari
358 2279 495 2342 sollemni
507 2280 623 2343 bonore
635 2298 808 2361 supremum
820 2283 899 2344 diem
912 2285 986 2344 tanti
997 2285 1054 2344 riri
1068 2247 1173 2354 boluit,

214 2373 244 2428 et
258 2365 457 2426 laudationem
474 2371 534 2425 tam
551 2367 653 2448 aequis
668 2363 790 2426 auribus
810 2368 921 2427 mortui
936 2367 1061 2438 audivit,
1083 2383 1174 2446 quam

213 2450 269 2510 viri
281 2449 499 2510 accusationem
510 2431 652 2519 audrerat,
663 2455 692 2509 et
704 2450 842 2527 exequras
853 2451 994 2529 frequens
1003 2450 1169 2512 celebrant

182 2555 194 2605 1
265 2532 362 2594 ..Lllll
395 2532 508 2594 Eodem
528 2550 606 2593 auno
624 2531 759 2594 Valerius
780 2533 886 2594 consul
901 2552 969 2595 oum
986 2535 1117 2596 exereitu
1139 2535 1174 2594 in

212 2618 330 2696 Aequos
353 2616 506 2694 proiectus
528 2634 596 2676 oum
615 2616 733 2678 bostem
752 2615 789 2677 ad
812 2616 961 2696 proelium
981 2617 1090 2680 elicere
1110 2631 1174 2678 non

212 2707 329 2770 posset,
356 2707 451 2760 eastra
473 2715 647 2777 oppugnare
670 2705 715 2760 est
740 2699 871 2761 adortus.
908 2701 1062 2780 probibuit
1085 2700 1174 2762 ioeda

177 2792 193 2842 2
213 2789 372 2862 tempestas
387 2799 455 2842 oum
476 2782 620 2860 grandine
635 2801 669 2843 ae
690 2781 849 2844 tonitribus
868 2784 952 2846 eaelo
966 2784 1087 2846 deiecta.
1120 2784 1174 2843 ad-

213 2868 401 2926 mirationem
421 2864 528 2926 deinde
548 2867 629 2926 auxit
650 2867 736 2944 siguo
755 2869 890 2946 receptui
909 2869 977 2930 dato
997 2869 1071 2930 adeo
1090 2874 1174 2928 tran·

214 2947 305 3028 quilla
320 2949 464 3010 serenitas
477 2948 607 3019 reddita,
629 2956 663 3010 ut
677 2949 724 3011 vel
738 2951 861 3011 numine
872 2950 972 3030 aliquo
986 2951 1108 3014 detensa
1124 2967 1175 3012 ea·

179 3043 197 3093 s
213 3039 275 3094 stra
292 3049 467 3112 oppugnare
488 3034 597 3094 iterum
613 3032 721 3112 religio
736 3034 834 3095 luerit.
870 3037 967 3098 omnis
989 3038 1034 3098 ira
1049 3035 1121 3098 belli
1135 3035 1176 3096 ad

212 3116 436 3196 populationem
449 3118 513 3195 agri
523 3117 619 3178 vertit.
647 3115 723 3178 alter
737 3116 842 3179 consul
853 3118 995 3182 Aemilius
1011 3122 1042 3181 in
1054 3118 1175 3182 Sabinis

212 3199 324 3261 bellum
346 3201 445 3278 gessit.
481 3199 582 3271 stibi,
604 3202 673 3279 quia
696 3200 790 3261 bostis
804 3199 962 3264 moenibus
983 3221 1016 3265 se
1045 3201 1175 3273 tenebat,
1278 3265 1279 3284 2

178 3285 316 3344 evastati
340 3285 404 3363 agri
427 3291 510 3345 sunt
534 3285 682 3346 incendiis
704 3285 812 3346 deiude
839 3303 900 3346 uou
923 3286 1061 3348 villarum
1084 3285 1176 3347 modo

213 3367 267 3428 sed
281 3367 369 3428 etiam
379 3369 529 3437 virorum,
543 3367 651 3446 quibus
661 3368 835 3447 frequenter
847 3367 1053 3442 habitabatur,
1071 3368 1177 3432 Sabini

213 3450 301 3510 exeiti
316 3466 384 3510 eum
400 3450 627 3528 praedatoribus
638 3452 849 3520 occurrissent.
862 3454 985 3533 ancipiti
999 3453 1113 3535 proelio
1125 3449 1179 3510 di«
