2572 3956
226 196 287 274 106
405 209 501 252 uisus
516 209 552 248 11.
579 208 648 250 cur.
663 198 706 253 44.
722 199 764 254 45.
791 191 831 267 [a.
846 211 876 251 u.
887 211 917 250 e.
932 189 995 268 iii}

190 377 208 427 o
224 358 311 438 peria
330 355 466 418 mortalia
484 363 591 419 essent
624 356 675 428 diu
693 361 885 422 sustentatum
901 355 931 416 id
949 355 1062 421 malum
1072 359 1180 436 partim
1275 381 1276 410 i

224 449 344 520 patrum
364 440 496 503 consiliis
510 441 618 519 partim
639 440 779 518 patientia
802 431 900 517 piebis
918 440 977 506 iem
996 439 1033 502 nd
1048 448 1180 506 eunome

225 526 350 586 venisse.
386 523 458 586 duas
480 525 611 586 civitates
634 541 670 586 ex
692 539 751 584 una
772 521 1180 602 iaetas‚suosu1iqueparti

176 616 209 668 10
225 607 428 686 magistratus,
448 625 517 670 suas
536 605 617 685 leges
641 624 721 674 esse;
747 607 877 685 primurn
891 607 923 669 in
939 605 1094 672 dilectibus
1115 627 1180 670 sae·

225 692 290 752 vire
312 689 429 762 solitos,
455 690 575 754 eosdem
602 689 633 750 in
657 688 737 751 bello
761 695 860 752 tamen
886 692 1020 769 paruisse
1043 690 1180 762 diesibus,
1273 721 1278 739 v

226 774 436 853 qualicumque
459 773 543 836 urbis
566 780 641 836 statu
663 780 800 840 manente
816 773 970 853 disciplina
983 773 1102 838 mutini
1117 776 1180 839 sisti

225 860 372 937 potuisse;
387 859 445 918 iam
462 874 522 918 uon
538 857 662 936 parendi
676 855 894 934 magistratibus
906 875 1022 929 morem
1038 861 1070 921 in
1085 866 1178 922 eastra

177 951 207 1004 it
226 959 344 1020 quoque
361 941 527 1002 Romanurn
549 941 673 1002 militem
696 942 790 1017 sequi.
820 941 1052 1020 prosimobeilo
1067 945 1100 1004 in
1115 945 1180 1020 ipsu

225 1027 300 1096 acie,
320 1026 433 1103 inipso
448 1026 610 1086 certamine
624 1041 771 1086 consensu
787 1025 935 1088 exereitus
951 1026 1087 1090 nauium
1101 1025 1179 1088 ultro

224 1109 378 1170 uictoriam
400 1108 484 1170 vietis
503 1109 628 1186 Aequis,
655 1109 739 1186 sigua
759 1107 892 1178 deserta,
915 1110 1128 1188 inperatorem
1148 1111 1179 1170 iu

174 1203 208 1258 12
225 1193 288 1254 acie
303 1191 450 1262 relietum,
467 1193 581 1254 iniussu
595 1193 628 1251 in
647 1198 742 1252 eastra
764 1191 901 1252 reditum.
929 1193 1079 1271 proiecto,
1095 1195 1180 1256 siin·
1277 1233 1278 1260 t

224 1285 334 1347 stetur,
361 1294 415 1338 suo
436 1275 528 1338 milite
552 1273 773 1339 vinctionem
795 1292 891 1353 posse.
921 1275 995 1340 nibil
1010 1275 1091 1340 atiud
1105 1295 1180 1356 opus
1277 1263 1278 1322 l

224 1378 290 1420 esse
311 1375 401 1436 quern
419 1359 510 1423 iudici
535 1359 710 1436 ostendique
729 1357 857 1430 bellum,
877 1366 976 1424 cetera
996 1377 1048 1422 sue
1073 1369 1179 1440 sponte
1277 1413 1278 1438 q

223 1443 283 1504 tata
297 1451 326 1504 et
339 1443 411 1504 deos
424 1450 569 1520 gesturos.
594 1443 650 1505 bne
668 1460 736 1520 spes
750 1441 890 1506 Etruscos
904 1452 1090 1508 mutaverunt
1103 1443 1179 1506 mul·

223 1527 261 1586 tis
276 1527 309 1589 iu
321 1527 415 1588 vicen
431 1525 550 1588 casibus
562 1527 654 1588 rietes
669 1527 862 1602 ueteresque.
1277 1587 1278 1592 ,

191 1613 205 1663 1
284 1609 367 1670 XLV.
395 1607 538 1670 Consules
558 1627 677 1688 quoque
691 1608 817 1673 Romani
838 1609 914 1672 nibil
927 1621 1084 1691 praetereo
1097 1613 1179 1674 eliud
1277 1613 1278 1692 ᾗ

224 1711 312 1776 quarn
328 1695 504 1764 suasuros,
526 1711 579 1754 sua
601 1711 683 1757 arma
697 1692 868 1756 horrebant.
900 1698 1042 1758 memoria
1057 1699 1179 1777 pessimi

222 1778 358 1856 proximo
372 1774 452 1838 bello
468 1777 595 1856 exempli
614 1775 753 1847 terrebat,
768 1793 811 1846 ne
821 1782 1176 1851 remoornmitterenteo,

185 1859 274 1920 uubi
300 1860 377 1922 duee
395 1859 482 1922 simul
502 1862 582 1924 acies
603 1860 751 1924 timendae
770 1869 876 1924 essent.
904 1865 1003 1942 itaque
1024 1867 1127 1926 eastris
1145 1884 1178 1927 se

222 1943 362 2006 tenebant
387 1952 447 2006 tam
471 1947 593 2024 aneipiti
618 1943 751 2024 perinde
770 1948 880 2006 aversi:
909 1947 987 2008 diem
1003 1957 1178 2027 tempusque

223 2029 345 2090 forsitan
369 2030 466 2106 ipsum
488 2027 650 2090 leniturum
670 2031 731 2090 iras
747 2031 959 2108 sanitatemque
975 2033 1082 2093 animis
1097 2031 1177 2094 udla-

186 2119 330 2184 storum.
361 2112 469 2174 Veiens
492 2113 585 2178 hostis
596 2113 776 2188 Etruscique
798 2131 833 2174 eo
859 2117 950 2192 magu
974 2132 1177 2194 praepropere
1277 2149 1278 2180 i

222 2212 329 2273 agere,
352 2193 501 2256 lacessere
526 2196 564 2256 ad
583 2211 713 2273 pugnem
734 2196 830 2274 primo
852 2197 1050 2275 obequitando
1073 2201 1176 2260 cestris

220 2278 484 2358 provocendnque,
499 2283 665 2354 posuemo‚
685 2286 717 2340 ut
730 2279 804 2340 nihil
816 2279 982 2354 movebant
998 2299 1055 2360 qua
1069 2299 1175 2344 eonsu·
1277 2305 1278 2336 5

185 2377 204 2425 4
220 2361 264 2424 les
275 2363 357 2440 ipsos
373 2378 430 2436 qna
446 2362 607 2422 exereitum
621 2363 817 2440 increpando:
833 2363 1050 2428 simulationem
1062 2367 1176 2428 intesti-

220 2463 276 2506 uae
299 2443 466 2508 mesinae
485 2445 652 2507 remedium
673 2445 789 2506 timoris
809 2447 975 2518 inventum,
995 2457 1026 2510 et
1039 2447 1177 2509 eonsules

219 2528 314 2606 magis
340 2543 403 2588 non
429 2528 578 2590 confidere
605 2545 694 2606 quarn
712 2544 774 2588 non
796 2529 919 2592 eredere
944 2531 1006 2592 suin
1023 2529 1176 2592 militibus.

219 2630 330 2674 novum
347 2611 499 2674 seditionis
514 2627 607 2689 genus
622 2611 773 2674 silentium
783 2613 937 2690 otiumque
949 2616 1027 2675 inter
1037 2622 1175 2675 armatos.

220 2697 257 2757 ad
278 2696 354 2757 haee
375 2696 406 2756 in
425 2697 583 2756 novitatem
602 2697 724 2773 generis
744 2695 927 2775 originisque
947 2715 1004 2776 qua
1025 2697 1097 2758 salsa
1117 2713 1177 2775 qna

182 2792 288 2842 evera
308 2780 418 2840 iacere.
449 2777 524 2840 baeu
545 2786 612 2838 cum
634 2778 689 2839 sub
711 2780 777 2857 ipso
798 2778 872 2841 vello
896 2783 1048 2860 portisque
1062 2789 1177 2859 strepe-

219 2869 303 2932 rent,
325 2859 403 2922 haud
422 2878 512 2939 aegre
534 2861 670 2924 consides
689 2864 759 2943 peti
789 2869 819 2924 et
839 2864 984 2943 inperitae
998 2863 1177 2928 multitudini

220 2961 300 3006 nuno
316 2945 488 3022 indignatio,
502 2963 582 3006 nune
597 2947 695 3024 pudor
708 2954 830 3027 pentorn
845 2965 964 3012 uersam
975 2957 1004 3012 et
1015 2947 1051 3010 ab
1063 2949 1176 3010 intesti-

219 3031 266 3090 nis
282 3037 415 3092 avertere
432 3029 533 3092 malis:
558 3029 638 3092 nolle
656 3031 766 3093 ‘nultos
777 3031 894 3105 hostes,
912 3031 991 3096 nolle
1006 3049 1176 3096 successum

220 3131 281 3175 non
294 3112 428 3193 patrilurs
451 3131 512 3176 non
527 3132 601 3176 eous
635 3117 641 3130 '
685 3133 714 3184 σς
739 3124 859 3180 esterno
882 3126 911 3180 et
933 3119 1093 3181 domestica
1109 3117 1176 3176 odia
1277 3125 1278 3136 ¹

184 3203 336 3260 ecertare
356 3200 387 3258 in
408 3199 523 3261 animis.
554 3199 673 3260 tendent
699 3209 842 3280 sopierant
865 3209 1001 3264 externa:
1026 3202 1100 3263 adeo
1126 3215 1176 3261 su·

220 3281 315 3358 perbe
334 3281 556 3362 insolenterque
573 3283 667 3344 bostis
682 3283 828 3346 eludebat.
858 3287 1028 3364 frequentes
1044 3288 1075 3346 in
1089 3301 1176 3362 prae·

221 3366 329 3426 toriurn
345 3369 530 3438 conveniunt,
545 3375 673 3446 posennt
686 3386 823 3448 pugnarn,
838 3370 1001 3448 postulant,
1017 3377 1049 3430 ut
1058 3371 1177 3446 signnm

220 3445 316 3527 detur.
342 3450 479 3512 eonsules
497 3449 576 3513 velut
590 3451 816 3514 deliberabundi
833 3455 928 3532 sepita
944 3454 1110 3522 conterunt,
1125 3452 1179 3513 diu
