2580 3954
215 216 276 278 152
376 231 472 272 nmnn
489 230 538 271 ιιι.
563 229 634 272 cnr.
652 221 697 275 27.
712 221 754 274 2&
785 211 826 290 [a.
845 231 876 272 u.
895 233 922 273 c.
942 216 1007 292 296]

213 384 356 457 pertatem
371 378 498 448 fecisset,
516 377 595 440 bello
609 385 710 439 'umen
725 379 838 456 primns
857 378 945 456 longe
959 378 1111 442 Romanae
1125 384 1172 442 iu-

176 471 196 522 2
213 463 338 523 ventutis
358 460 476 524 habitus
491 470 575 523 esset.
609 480 677 522 cunr
696 464 837 538 magistro
856 464 987 540 equitum
1007 465 1039 523 in
1056 467 1174 525 contio·

213 563 281 607 nem
295 547 382 616 venit,
398 546 541 606 iustitium
552 546 648 616 edicit,
664 544 761 605 claudi
770 544 909 607 tabernas
919 553 979 607 tota
991 546 1068 609 urbe
1077 547 1173 617 iubet,

177 637 289 692 arctat
307 646 485 707 quemquam
507 631 636 708 privatae
658 629 817 706 quicquam
837 631 882 690 rei
896 647 995 706 agere.
1026 638 1089 692 tum
1105 635 1173 708 qui-

212 730 339 790 cumque
352 719 446 774 aetate
460 712 580 773 militari
595 718 701 780 essent,
716 714 820 773 armati
836 731 903 774 oum
921 712 1041 776 cibariis
1055 717 1087 774 in
1107 715 1174 777 dies

212 799 343 874 quinquo
373 799 464 858 coctis
495 794 637 874 vallisque
662 794 805 856 duodenis
834 805 901 857 ante
933 797 1004 859 solis
1032 815 1173 859 occasum

167 897 195 945 ‘4
210 880 315 940 Martio
334 881 366 939 in
390 897 494 959 campo
514 879 665 948 adessent:
691 877 797 956 quihus
823 887 902 941 aetas
924 881 960 941 ad
985 881 1172 942 militandum

211 963 328 1040 gravior
343 969 433 1033 esset,
454 963 551 1025 vicino
566 961 667 1032 militi,
689 962 798 1023 dumis
813 981 896 1024 arma
910 972 1030 1042 pararet
1046 964 1172 1025 uallum·

175 1063 193 1115 s
211 1063 268 1124 que
284 1053 407 1124 peteret,
426 1045 537 1108 cibaria
553 1063 683 1124 coquere
698 1047 791 1107 iussit.
824 1048 867 1108 sic
882 1049 1017 1109 iuventus
1029 1047 1173 1110 discurrit

211 1130 248 1191 ad
271 1128 379 1190 vallum
394 1130 563 1209 petendum.
595 1147 762 1210 sumpsere,
783 1131 862 1191 unde
879 1132 986 1209 cuique
1001 1133 1173 1209 proximum

209 1214 278 1274 luit:
296 1213 464 1292 prohibitus
478 1231 566 1275 nemo
581 1221 639 1282 est;
661 1215 837 1292 inpigreque
858 1231 961 1275 omnes
983 1214 1020 1276 ad
1041 1215 1172 1277 edictum

174 1306 192 1360 6
210 1298 362 1359 dictatoris
375 1305 494 1378 praesto
513 1299 606 1359 luere.
643 1296 713 1358 inde
730 1300 884 1375 conposito
900 1299 1017 1376 agmine
1038 1315 1099 1358 non
1122 1301 1171 1359 iti·

208 1384 274 1443 neri
292 1383 386 1458 magis
406 1384 466 1462 apti
481 1399 569 1460 quam
585 1379 711 1460 proelio,
733 1382 759 1442 si
772 1399 822 1442 res
836 1383 876 1440 ita
890 1381 1019 1451 tulisset,
1036 1381 1171 1459 legiones

208 1467 273 1544 ipso
298 1465 439 1536 dictator,
465 1466 605 1542 magister
633 1465 764 1542 equitum
789 1483 858 1526 suos
880 1467 993 1542 equites
1015 1465 1105 1526 ducit.
1138 1467 1170 1526 in

208 1555 335 1626 utroque
347 1550 464 1626 agmine
477 1565 549 1626 quas
559 1554 676 1626 tempus
687 1549 784 1625 ipsum
795 1546 937 1626 poscebat
948 1548 1171 1610 adhortationes

174 1638 309 1700 rorant:
333 1631 477 1693 adderent
499 1631 637 1709 gradum;
658 1637 802 1692 maturato
824 1649 899 1710 opus
921 1650 1003 1702 esse,
1026 1640 1059 1692 ut
1082 1641 1170 1695 nocto

209 1716 246 1778 ad
260 1715 376 1777 hostem
394 1716 545 1794 perveniri
565 1722 674 1794 posset.
705 1713 856 1776 consulem
874 1717 1096 1793 exercitumque
1109 1716 1169 1777 llo·

209 1817 329 1861 manum
350 1798 495 1870 obsideri,
521 1801 641 1860 tertimn
660 1799 738 1860 diem
761 1800 820 1858 ianr
844 1798 961 1860 clausos
984 1817 1057 1860 esse.
1098 1799 1168 1878 quid

209 1899 344 1962 quaeque
359 1901 419 1945 nox
434 1891 484 1944 aut
497 1883 562 1944 dies
576 1883 667 1953 ierat,
681 1884 828 1944 incertum
847 1901 926 1950 esse;
950 1888 1061 1962 puncto
1079 1901 1168 1961 saepe

173 1970 352 2046 stemporis
376 1967 570 2028 maximarum
594 1984 696 2028 rerum
721 1973 869 2027 momenta
897 1968 985 2027 verti:
1013 1965 1168 2037 „accelera

207 2051 351 2129 signifer*
376 2068 522 2129 „sequere
543 2048 648 2112 miles“
669 2052 747 2110 inter
771 2069 804 2111 se
829 2067 948 2126 quoque
970 2049 1168 2126 gratificantes

208 2133 333 2196 ducibus
355 2133 529 2202 clamabant,
562 2134 659 2195 media
675 2140 763 2194 nocte
784 2135 815 2192 in
829 2132 966 2210 Algidum
980 2135 1167 2212 perveniunt,

1269 675 1277 752 l

209 2226 239 2279 et
263 2226 296 2278 ut
320 2235 441 2280 sensere
467 2238 499 2278 se
523 2219 582 2277 iam
604 2235 698 2296 prope
724 2217 823 2278 hostes
843 2235 922 2286 esse,
949 2218 1032 2294 signa
1057 2221 1167 2279 consti·
1226 2277 1232 2294 ‚
1276 2249 1277 2302 3

209 2309 304 2361 luunt.

174 2404 190 2456 1
268 2383 393 2446 XXVIII.
424 2384 470 2445 lbi
484 2386 618 2454 dictator,
634 2391 775 2462 quantum
791 2392 877 2446 nocte
892 2385 1025 2462 prospici
1040 2392 1165 2462 poterat,
1276 2417 1277 2464 g

210 2486 286 2546 equo
304 2472 532 2540 circumvectus,
555 2467 843 2547 contemplatusque,
863 2470 914 2546 qui
928 2475 1039 2528 tractus
1055 2475 1165 2530 castro·
1276 2485 1277 2500 ι

207 2571 275 2613 ιιιιιι
290 2571 424 2632 quaeque
440 2555 534 2614 forma
550 2560 642 2623 esset,
664 2551 792 2614 tribunis
808 2552 934 2612 militum
948 2553 1118 2631 imperavit,
1133 2559 1166 2612 ut

207 2639 339 2700 sarcinas
355 2639 386 2696 in
401 2655 493 2697 unum
508 2639 584 2697 coici
602 2636 732 2707 iubeant,
747 2636 871 2698 militem
890 2654 957 2698 cum
969 2637 1059 2696 armis
1074 2635 1165 2696 vallo·

171 2735 190 2784 2
208 2738 265 2799 que
286 2721 386 2782 redire
406 2723 438 2780 in
458 2720 577 2782 ordines
602 2738 680 2782 suos.
712 2721 787 2781 lacta
807 2738 882 2797 quae
900 2719 1063 2797 imperavit
1093 2725 1164 2789 tum,
1276 2751 1277 2754 ι

207 2821 266 2882 quo
281 2805 399 2866 fueraut
410 2805 514 2866 ordine
525 2807 557 2864 in
568 2807 623 2872 via,
639 2807 801 2866 exercitum
814 2821 932 2866 omnem
946 2803 1035 2880 longo
1048 2803 1164 2880 agmine

207 2889 371 2949 circumdat
385 2888 514 2949 hostium
529 2891 647 2958 castris,
663 2895 707 2956 et,
722 2887 774 2948 ubi
789 2890 905 2965 signum
923 2887 1022 2946 datum
1038 2887 1089 2956 sit,
1106 2886 1164 2946 cla·

206 2989 320 3033 morem
336 2989 439 3033 omnes
450 2971 555 3034 tollere
567 2971 657 3042 iubet,
670 2972 800 3033 clamore
811 2971 926 3032 sublato
938 2977 1006 3032 ante
1017 2988 1051 3031 sc
1063 2987 1164 3046 quem·

206 3074 265 3134 que
280 3057 390 3118 ducere
404 3057 513 3118 fossam
529 3064 558 3117 et
568 3059 667 3118 iacere
678 3055 794 3116 vallum.
816 3056 893 3116 edito
908 3055 1035 3134 imperio
1049 3055 1164 3131 signum

172 3152 189 3204 3
207 3149 342 3202 secutum
364 3148 416 3202 est
446 3142 525 3201 iussa
547 3139 632 3201 miles
653 3141 832 3217 exsequitur.
860 3138 972 3201 clamor
987 3137 1088 3200 hostes
1105 3137 1163 3196 cir·

207 3231 373 3292 cumsonat;
390 3231 510 3302 superat
523 3224 592 3284 inde
606 3229 702 3284 castra
718 3222 848 3284 hostium
864 3230 893 3285 et
905 3223 937 3282 in
949 3229 1044 3283 castra
1057 3237 1163 3281 consu·

171 3321 189 3370 t
205 3307 243 3368 lis
259 3309 354 3369 venit:
378 3307 448 3368 alibi
463 3325 618 3385 pavorem,
639 3305 710 3366 alibi
727 3306 866 3386 gaudium
879 3309 985 3384 ingens
1000 3305 1077 3365 lacit.
1105 3304 1162 3364 Ro·

205 3393 295 3460 mani,
316 3389 432 3451 civilem
448 3409 513 3452 esse
530 3389 690 3452 clamorem
704 3400 791 3469 atque
810 3389 951 3452 auxilium
968 3389 1072 3450 adesse
1086 3389 1162 3451 inter

206 3493 240 3536 sa
268 3472 461 3551 gratulantes,
488 3473 567 3535 ultro
595 3493 630 3535 ex
654 3474 828 3535 stationibus
849 3491 884 3534 ac
905 3471 1012 3550 vigiliis
1027 3471 1163 3532 territant
