2548 3954
221 189 260 250 16
394 203 489 243 creua
505 205 527 244 1.
554 203 625 245 car.
643 196 684 249 13.
702 196 744 249 14.
776 188 814 262 [a.
831 208 861 245 u.
878 208 903 245 c.
923 187 997 258 1-37]

220 347 366 428 appellati.
388 360 611 413 monumentum
626 353 689 413 eius
706 370 832 432 pugnae,
848 351 899 412 ubi
913 354 1043 431 primum
1055 372 1089 414 ex
1102 371 1172 433 pro·

219 432 308 492 lunda
324 451 455 496 emersus
472 434 578 513 palude
596 452 702 512 equom
715 436 831 498 Curtius
846 436 961 497 invado
974 438 1080 512 statuit,
1100 438 1172 498 Cur·
1220 485 1223 490 ,

220 518 291 576 tium
306 515 403 577 lacum
419 517 613 596 appellarunt

186 603 203 651 6
280 599 322 660 Ex
339 599 418 661 bello
433 610 493 662 tam
507 604 584 663 tristi
598 602 674 663 lacta
688 611 811 681 repente
826 622 883 681 pax
904 605 1033 665 cariores
1049 603 1172 666 Sabinas
1263 615 1264 618 ’

220 686 290 745 viris
304 701 339 744 ae
355 685 527 762 parentibus
548 692 577 747 et
592 693 659 748 ante
675 704 779 748 omnes
794 685 920 747 Romulo
940 689 997 765 ipsi
1011 687 1089 749 iecit.
1119 691 1172 747 ita·

220 785 293 845 quc,
315 785 382 829 eum
402 768 543 848 populum
565 772 595 829 in
616 771 713 830 curias
734 771 852 848 triginta
873 769 1028 840 divideret,
1052 774 1171 832 nomina

186 869 321 917 aearum
343 853 433 914 curiis
455 853 593 931 inposuit.
622 853 652 913 id
667 871 727 913 non
741 853 879 924 traditur,
902 871 969 915 cum
985 853 1062 915 haud
1083 854 1172 916 dubie

220 934 367 1013 aliquanto
383 953 524 997 numerus
538 939 632 997 maior
646 936 704 997 hoe
720 935 877 998 mulierum
893 937 997 1008 luerit,
1019 945 1113 999 aetate
1134 956 1170 998 au

219 1018 409 1096 dignitatibus
423 1021 484 1080 suis
497 1023 663 1082 virorumve
677 1037 714 1080 an
730 1027 810 1081 sorte
825 1020 918 1082 lectae
933 1023 1004 1092 sint,
1027 1038 1102 1100 quae
1117 1039 1170 1082 no·
1264 1085 1265 1094 ,

185 1117 201 1168 8
218 1105 296 1163 mina
312 1104 402 1164 curiis
414 1102 526 1165 darent.
542 1103 654 1166 Eodem
666 1111 799 1183 tempore
814 1112 843 1166 et
855 1106 1005 1166 centuriae
1016 1112 1077 1166 tres
1089 1107 1171 1182 equi·
1264 1109 1265 1164 l

218 1194 279 1247 tum
296 1188 480 1265 conscriptae
496 1195 578 1249 sunt:
594 1187 776 1249 Ramnenses
790 1186 827 1248 ab
838 1186 973 1258 Romulo,
990 1187 1027 1248 ab
1042 1189 1075 1248 Τ.
1088 1189 1171 1248 Tatio

218 1271 363 1332 Titienses
384 1270 538 1348 appellati;
566 1273 713 1333 Lucerum
735 1272 864 1332 nominis
888 1278 916 1333 et
938 1273 1062 1350 originis
1084 1289 1170 1333 causa
1264 1265 1265 1338 ἕ

218 1355 331 1415 incerta
344 1361 395 1415 est.
425 1355 494 1416 inde
513 1373 573 1416 non
593 1355 681 1415 modo
697 1372 854 1416 commune
873 1355 924 1416 sed
943 1372 1070 1416 concors
1085 1357 1170 1416 etiam

217 1454 341 1514 regnum
358 1436 473 1499 duobus
486 1437 607 1516 regibus
624 1438 686 1497 luit.

186 1538 198 1587 1
277 1519 349 1580 XIV.
380 1521 449 1582 Post
468 1521 580 1597 aliquot
600 1538 693 1581 annos
712 1523 872 1600 propinqui
897 1524 976 1600 regis
995 1522 1070 1582 'latii
1091 1521 1171 1600 lega·

218 1613 263 1664 tos
278 1603 468 1663 Laurentium
481 1604 613 1683 pulsant,
636 1622 763 1682 eumque
777 1605 939 1667 Raurentes
958 1607 1024 1666 iure
1040 1607 1170 1684 gentium

219 1695 349 1764 agerent,
367 1687 443 1765 apud
459 1688 575 1749 'latium
591 1690 685 1766 gratia
699 1706 820 1750 suornm
837 1695 865 1750 et
884 1707 989 1767 preces
1005 1688 1071 1767 plus
1088 1697 1171 1767 pote·

184 1781 199 1830 2
217 1777 292 1831 rant.
312 1772 402 1848 igitur
416 1769 535 1832 illorum
550 1789 676 1849 poenam
691 1774 721 1831 in
737 1791 769 1833 se
780 1775 881 1833 vertit:
899 1789 967 1833 nam
977 1771 1086 1841 Lavini,
1103 1789 1170 1832 cum

181 1912 183 1915 ,
218 1855 254 1916 ad
268 1853 411 1916 sollemne
426 1855 603 1916 sacrificium
619 1874 654 1916 eo
668 1857 804 1925 venisset,
822 1873 969 1917 concursu
985 1856 1062 1916 saeta
1078 1857 1170 1917 inter·

182 1947 199 1998 3
217 1940 322 1998 licitur.
357 1956 422 1999 eam
443 1955 506 2000 rem
527 1940 624 2000 minus
638 1957 727 2017 aegre
749 1956 836 2016 quam
853 1939 972 2017 dignum
990 1947 1053 2001 erat
1069 1939 1171 2001 tulisse

217 2021 373 2082 Romulum
397 2023 510 2092 lerunt,
536 2038 588 2083 scu
609 2021 647 2082 ob
668 2024 788 2083 infidam
808 2025 976 2085 societatem
995 2025 1095 2100 regni,
1118 2041 1170 2084 seu

218 2107 285 2182 quia
305 2105 382 2165 haud
407 2106 514 2166 iniuria
533 2123 649 2167 caesum
669 2105 817 2168 credebat.
843 2108 942 2184 itaque
955 2105 1034 2167 bello
1051 2107 1170 2184 quidem
1265 2107 1266 2124 ¹

217 2187 370 2250 abstinuit:
394 2195 425 2248 ut
440 2197 536 2250 tamen
555 2191 742 2266 expiarentur
757 2189 921 2268 legatorum
936 2191 1062 2250 iniuriae
1075 2191 1169 2268 regis·

218 2288 274 2349 que
292 2271 411 2340 caedes,
434 2271 538 2332 foedus
559 2273 637 2332 inter
653 2272 775 2344 Romam
791 2273 1003 2351 Laviniumque
1017 2271 1107 2334 urbes
1121 2290 1169 2335 re·

216 2363 352 2415 novatum
369 2363 420 2416 est.

182 2437 197 2483 4
275 2438 312 2499 Et
333 2456 400 2498 cum
419 2438 466 2500 his
487 2438 605 2516 quidem
628 2440 776 2517 insperata
801 2458 858 2517 pax
879 2447 956 2502 erat:
978 2439 1056 2500 aliud
1077 2439 1178 2500 muno·
1265 2479 1266 2504 1

216 2523 339 2600 propius
360 2530 446 2599 atque
459 2524 491 2583 in
506 2523 578 2600 ipsis
593 2540 688 2601 prope
707 2525 801 2600 portis
815 2522 927 2585 bellum
943 2530 1049 2584 ortum.
1083 2523 1168 2584 Fide·

216 2614 298 2667 nates
315 2607 402 2667 nimis
413 2607 524 2666 vicinas
532 2623 627 2684 prope
639 2625 672 2667 se
683 2607 894 2669 convalescere
903 2625 975 2686 opes
989 2607 1053 2675 rati,
1071 2609 1168 2685 prius-

217 2707 303 2765 quam
325 2695 438 2749 tantum
454 2688 572 2750 roboris
589 2697 676 2760 esset,
693 2697 833 2766 quantum
848 2690 978 2750 futurum
997 2688 1166 2768 apparebat.

216 2778 361 2849 occupant
375 2771 486 2833 bellum
501 2772 608 2833 facere.
640 2775 790 2836 iuventute
805 2780 915 2834 armata
930 2773 1057 2834 immissa
1074 2781 1167 2832 rasta·

181 2866 197 2914 t
215 2863 263 2915 tur
283 2856 346 2932 agri
364 2854 442 2932 quod
463 2857 541 2916 inter
561 2854 667 2917 urbem
688 2875 721 2917 ae
741 2857 867 2919 Fidenas
890 2864 941 2919 cst
972 2856 1040 2917 inde
1055 2855 1091 2916 ad
1106 2855 1166 2917 lae·

215 2956 279 2998 ram
293 2939 384 3008 versi,
407 2940 474 3015 quia
494 2939 595 3000 dextm
610 2936 728 3002 Tiberis
746 2939 880 3011 arcebat,
903 2959 970 3001 cum
988 2956 1092 3016 magna
1107 2947 1167 3000 tre·

214 3020 363 3100 pidatione
385 3024 542 3100 agrestium
563 3021 756 3101 populantur;
776 3023 977 3102 tumultusque
999 3040 1108 3102 repens
1131 3041 1165 3085 ex

180 3106 343 3183 negrisia
366 3104 472 3167 urbem
493 3104 601 3168 inlatus
622 3125 677 3184 pro
703 3109 806 3169 nuntio
828 3108 891 3168 luit
925 3108 1038 3168 excitus
1057 3106 1166 3167 Romu·

214 3187 259 3250 lus
276 3223 310 3234 -
329 3191 523 3266 nequeenim
546 3189 715 3251 dilationem
742 3192 802 3268 pati
825 3197 883 3252 tam
905 3192 1034 3250 ricinum
1055 3188 1165 3251 bellum

213 3278 329 3348 poterat
348 3307 382 3318 -
403 3275 564 3335 exercitum
585 3273 698 3343 educit,
723 3281 819 3336 castra
834 3293 849 3334 a
866 3273 986 3336 Fidenis
1000 3272 1081 3334 mille
1099 3291 1152 3352 pas

180 3370 298 3415 esuum
318 3353 403 3416 locat.
434 3355 477 3416 ihi
499 3358 614 3418 modico
634 3356 782 3436 praesidio
798 3357 901 3419 relicto
920 3374 1058 3436 egressus
1072 3358 1166 3417 omni-

213 3437 268 3498 bus
283 3439 377 3516 copiis
395 3448 510 3516 partem
526 3440 650 3500 militum
667 3439 741 3504 locis
756 3443 834 3502 circa
847 3441 937 3502 densa
950 3443 1028 3502 inter
1042 3439 1164 3518 virgulta
