2522 3954
325 251 373 299 DE
394 253 465 300 'l'l'l'l
488 253 575 301 ntvtt
590 253 675 302 Vtut
697 253 741 300 tit·
763 251 928 304 scalenis.
1058 257 1107 304 vit

141 419 232 474 verat,
253 412 352 490 quippe
371 413 416 488 qui
436 429 468 470 eo
486 421 622 488 tempore.
643 429 697 488 quo
714 412 807 471 Cicero
831 413 849 469 l.
866 413 884 470 l.
900 413 995 472 hostes
1017 415 1109 490 reipu-

141 493 228 552 blicae
247 511 263 550 a
277 495 413 554 Patavinis
429 495 554 556 exclusos
575 513 636 554 esse
651 496 769 560 tradidit,
786 497 1036 556 sextumdecimum
1051 499 1107 556 lere

142 586 238 652 ageret
254 595 362 638 aunum.
404 580 500 638 Natum
517 581 589 638 eninr
604 598 665 638 esse
683 596 744 639 eum
761 577 973 656 hieronymum)
991 589 1108 639 testatur

141 663 170 718 in
185 663 362 722 adnotatione
379 667 412 722 ad
425 664 533 722 liusebii
547 665 711 730 chronicon,
734 663 757 722 si
776 663 943 739 scaligerum
958 667 1100 740 sequimur.

140 745 168 802 C.
185 745 253 803 lulio
266 747 423 806 Gaesare'et
437 749 470 805 ll.
488 749 634 824 Calpurnio
653 748 749 808 Bibulo
762 749 930 814 consulibus,
947 749 988 808 ot.
1005 757 1064 814 108,
1076 758 1107 814 2;

140 846 165 888 a.
182 847 210 887 u.
226 837 286 897 695,
302 833 345 890 sin
360 834 612 908 interpretationem
627 834 748 892 chronici
761 834 930 892 limentana
947 834 980 892 ab
995 835 1026 890 h.
1038 834 1107 892 llaio

140 923 291 989 repertam,
312 915 352 974 01.
371 925 433 982 180.
451 925 486 984 4;
501 935 525 975 a.
543 935 570 975 u.
591 924 651 980 697.
670 917 728 976 lloc
743 918 928 976 testimonium
945 935 1107 994 quamquam

140 999 231 1056 minus
245 1009 350 1058 certum
369 1010 412 1060 est
426 1009 585 1078 propterea,
602 1003 675 1078 quod
694 1003 728 1059 ll.
744 1001 880 1060 Valerium
895 1001 1046 1061 Messallam
1062 1019 1107 1059 eo·

140 1083 203 1140 dem
224 1101 294 1142 anno
310 1087 338 1143 in
355 1084 443 1144 lucem
459 1083 562 1144 editum
578 1103 638 1144 esse
658 1086 724 1145 dicit
741 1086 935 1162 Hieronymus,
959 1103 1039 1163 quem
1057 1085 1105 1143 ali-

141 1175 210 1241 quot
221 1169 298 1227 annis
309 1178 372 1228 ante
383 1179 476 1228 natum
491 1187 552 1228 esse
565 1171 615 1228 iam
631 1170 755 1245 plerique
770 1166 933 1244 statuunt⁶),
951 1178 1106 1228 tamennon

139 1258 196 1315 est,
218 1269 268 1310 cur
285 1254 366 1313 etiam
385 1254 414 1312 in
436 1255 510 1312 Livio
526 1255 625 1313 falsum
643 1255 789 1320 trahentur,
813 1272 875 1314 cum
894 1263 1000 1330 tempus
1016 1271 1049 1311 eo
1068 1255 1108 1310 in·

139 1335 259 1393 dicatum
288 1338 321 1393 ad
348 1337 467 1412 reliqua,
505 1355 574 1412 quae
599 1339 633 1396 de
663 1339 731 1396 bivii
760 1339 815 1396 vita
843 1347 909 1395 nota
937 1347 1015 1402 sunt,
1045 1345 1107 1412 apte

139 1420 291 1477 conveniat.
324 1420 419 1480 Incidit
438 1421 523 1496 igitur
542 1422 659 1496 pueritia
679 1421 747 1478 tivit
770 1421 798 1480 in
812 1439 843 1479 ea
862 1428 992 1497 tempora,
1008 1420 1107 1496 quibus

139 1501 166 1558 (l.
179 1501 264 1560 lulius
278 1503 494 1562 (laesartlalliam
507 1504 621 1564 dicionis
635 1505 731 1581 populi
742 1505 854 1564 Romani
867 1507 940 1570 lecit,
952 1506 1107 1564 adolescen-

139 1587 177 1644 tia
193 1587 221 1643 in
233 1587 465 1646 turbulentissima
481 1588 527 1646 illa
539 1589 609 1646 bella
623 1589 719 1654 civilia,
736 1590 834 1664 quibus
850 1590 935 1647 libera
953 1589 1107 1666 respublica

139 1687 190 1728 sua
207 1671 266 1746 ipsa
280 1672 353 1731 mole
368 1674 495 1730 concidit.

198 1755 295 1830 ,Neque
311 1758 344 1814 de
359 1757 518 1832 parentibus
536 1758 594 1814 eius
611 1773 699 1831 neque
717 1759 751 1815 de
767 1757 849 1814 rebus
864 1759 1022 1816 domesticis
1038 1764 1106 1816 eerh

140 1840 287 1915 quidquam
309 1849 429 1907 constat;
450 1849 584 1904 osterum,
609 1841 633 1897 si
653 1842 811 1900 coniectura
832 1841 874 1898 uti
890 1841 968 1906 licet,
991 1859 1023 1898 ex
1039 1841 1107 1898 locis

139 1924 212 1980 haud
234 1924 341 1998 paucis,
366 1924 464 2000 quibus
485 1925 581 1982 autin
601 1927 706 1999 magnis
726 1926 791 1983 viris
806 1941 862 1982 non
875 1926 1003 1982 virtutem
1018 1923 1106 1981 solum

140 2008 188 2065 sed
203 2008 284 2065 etiarn
299 2007 470 2066 nobilitatem
486 2015 514 2064 et
526 2024 651 2081 maguam
665 2009 803 2066 fortunam
821 2009 945 2082 requirit,
962 2027 985 2063 v.
997 2007 1106 2072 llellll,

141 2098 183 2155 tt,
202 2101 232 2157 5;
247 2092 322 2155 xxv,
334 2097 377 2160 37,
393 2091 447 2155 all,
463 2100 510 2148 aut
524 2107 609 2149 novos
624 2090 747 2149 homines
762 2100 790 2149 et
809 2091 944 2166 ignobiles
959 2091 1106 2167 reprehen-

140 2175 180 2233 dit
202 2183 230 2232 et
251 2177 415 2240 insectatur,
436 2193 469 2232 ne
493 2176 584 2251 ipsum
603 2176 710 2250 quidem
731 2175 827 2233 humili
854 2193 954 2251 genere
976 2169 1104 2248 ortuna't

140 2260 203 2316 inde
217 2267 316 2323 autem.
332 2260 406 2334 quod
422 2260 522 2317 Romae
536 2277 587 2336 per
601 2259 702 2318 multos
713 2276 799 2317 annos
813 2260 872 2318 sine
885 2253 1010 2318 molestia
1025 2259 1106 2316 vitam

139 2343 230 2418 degit,
246 2361 308 2402 eum
322 2361 379 2403 are
397 2343 524 2401 lamiliari
544 2345 617 2402 haud
636 2344 811 2403 mediocriter
835 2345 920 2402 luisse
944 2345 1106 2401 instructum

140 2427 272 2504 colbgere
296 2429 396 2504 possis.
425 2427 518 2486 Nede
537 2428 656 2503 pueritia
674 2429 782 2502 quidem
796 2428 864 2486 bivii
883 2429 1029 2504 quidquam
1051 2445 1106 2484 me·

140 2513 244 2570 moriae
266 2513 406 2589 proditum
429 2521 484 2578 est,
507 2514 630 2570 sednon
654 2513 766 2569 dubium
781 2528 842 2570 esse
856 2520 965 2588 potest,
989 2511 1056 2586 quin
1072 2512 1106 2567 iis

140 2596 305 2673 disciplinis,
324 2596 421 2672 quibus
436 2604 496 2653 tum
511 2597 590 2672 pueri
604 2597 712 2652 institui
726 2593 865 2660 solebant,
882 2595 919 2653 sit
931 2595 1062 2659 eruditus,
1078 2601 1106 2652 et

140 2731 342 2746 ...ἡ-...-

208 2793 236 2858 b)
255 2795 422 2858 Hieronymum
434 2810 462 2845 ea
474 2808 533 2858 quaa
545 2793 577 2844 de'
586 2793 710 2844 historicis
721 2794 833 2844 Romanis
844 2793 950 2858 prodidit
962 2807 989 2842 ex
1001 2793 1106 2843 Suetonii

142 2863 172 2914 de
184 2863 241 2914 viris
253 2863 384 2913 illustribus
395 2863 458 2913 libro
470 2861 579 2912 hausisse
590 2875 645 2911 cum
656 2861 698 2911 alii
709 2861 846 2926 probarunt
859 2866 907 2910 tum
919 2860 962 2909 l'h.
976 2861 1105 2910 Mommsen

141 2931 167 2982 ln
185 2936 345 2982 commentatt.
365 2931 435 2980 class.
448 2928 532 2994 philol.
550 2942 601 2979 soc.
619 2929 708 2978 literar.
726 2928 858 2978 Saxonicae
873 2928 918 2978 tol.
932 2927 978 2990 lp.
991 2923 1042 2976 674
1053 2941 1105 2992 sqq.

141 2998 180 3048 eni
199 2997 328 3049 adsentitur
345 2997 415 3046 Hertz
432 2997 458 3046 in
473 2997 562 3062 prolus.
598 2996 660 3054 .vt,
683 2996 806 3048 attollet
825 3010 849 3060 p.
864 2992 908 3053 12,
924 2994 984 3045 Roth
1003 2995 1029 3045 G.
1042 2995 1104 3044 Suet.

141 3066 230 3182 ¹l'rauq.
249 3079 303 3130 opp.
316 3065 392 3130 prael.
407 3063 507 3120 bllllll:
519 3079 543 3127 p.
556 3011 615 3113 ²39.

226 3130 236 3195 )
254 3131 339 3182 Veram
356 3145 408 3182 esse
424 3131 561 3193 hieronymi
572 3131 711 3180 sarmatiam
730 3131 810 3178 statuit
827 3129 919 3180 Clinton
938 3129 1000 3178 l'ast
1014 3127 1105 3178 llellen.

141 3199 188 3256 lll,
206 3198 268 3257 273,
287 3213 384 3265 eumque
400 3204 493 3248 secutus
516 3197 544 3247 tt.
556 3197 594 3248 W.
607 3197 707 3247 Fischer
723 3196 850 3247 bomische
866 3195 990 3245 Zeittaleln
1011 3209 1035 3258 p.
1048 3194 1106 3252 444,

142 3267 185 3318 sed
195 3268 303 3333 plerique
313 3273 368 3332 post
379 3266 523 3327 Scaligerum
534 3265 586 3314 iure
598 3264 628 3314 de
640 3265 690 3314 eius
701 3264 726 3313 lu
739 3264 783 3312 hac
795 3277 822 3312 re
834 3262 882 3312 lide
894 3261 1035 3319 dubitarunt
1049 3277 1069 3311 a.
1078 3263 1105 3312 l..

143 3335 226 3385 Wiesil
244 3333 274 3384 de
290 3335 320 3385 ll.
334 3333 420 3384 Valerii
437 3333 484 3382 vita
502 3338 524 3381 et
535 3331 632 3396 scriptis
649 3336 798 3381 commentat.
817 3344 840 3387 p.
854 3326 900 3386 43,
918 3329 977 3379 alios
993 3330 1018 3378 in
1036 3329 1106 3392 Pauly

144 3403 234 3465 encycl.
247 3401 307 3452 reali
319 3400 356 3459 ll,
368 3397 436 3451 2352
448 3403 651 3450 commemoratos.

209 3466 237 3531 7)
256 3469 293 3518 ct.
312 3467 464 3518 liausdbrller
482 3467 635 3518 commentat.
654 3465 684 3515 de
700 3465 774 3514 seruis
791 3479 818 3513 ac
837 3465 966 3519 libertinis,
989 3463 1027 3526 qui
1045 3461 1105 3526 apud

145 3536 247 3587 Graecos
260 3543 283 3586 et
295 3534 356 3600 apud
367 3535 486 3586 Romanoa
498 3534 621 3613 doctrinae
633 3532 702 3584 laude
714 3533 849 3588 floruerunt,
861 3531 959 3580 helmst.
975 3525 1040 3576 iseo
1050 3524 1098 3591 po
