2548 3954
435 285 529 326 amaa
545 285 568 326 1.
592 283 661 326 car.
679 283 703 330 1.
718 277 743 327 2.
761 277 786 330 3.
1065 273 1084 334 5
1105 241 1107 244 ¹

128 437 204 498 data.
232 453 266 497 ea
283 453 333 495 res
347 434 447 511 utique
460 435 595 496 Troianis
613 451 696 512 spem
712 432 847 493 aum-maa
859 435 976 495 tandem
988 433 1085 496 stabili
1104 441 1137 496 10

128 535 270 597 certaque
285 518 355 580 sede
369 517 493 579 finiendi
509 520 630 580 erroris.
647 516 790 594 oppidum
806 517 949 586 condunt:
971 518 1086 584 Aeneas
1105 529 1131 581 li

127 603 165 670 ab
183 604 304 665 nomine
318 603 419 662 uxoris
433 601 588 662 Lavinium
602 599 739 680 appellat
757 600 955 680 breri'stirpis
966 619 1085 680 quoque

128 687 221 748 virilis
241 705 277 748 ex
299 703 375 746 novo
399 687 587 747 matrimonio
609 686 677 754 luit,
699 687 747 744 eui
767 687 926 747 Ascanium
945 695 1085 765 parentes

127 773 231 834 dixere
247 787 365 831 nomen.

192 855 228 916 ll.
257 853 340 915 bello
363 854 470 916 deinde
490 853 667 932 Aborigines
683 857 862 932 Troianique
884 855 970 916 simul
992 856 1083 934 petiti.
1107 873 1116 922 1

127 941 247 1002 rannus
263 957 317 999 rex
330 936 523 1008 Rutulorum,
542 941 590 998 oui
605 949 690 1018 pacta
707 940 825 1000 Lavinia
845 944 913 1000 ante
929 941 1084 1010 adventum

127 1028 245 1086 Aeneae
260 1022 370 1092 luerat,
388 1020 552 1101 praelatum
566 1022 623 1083 sibi
637 1024 779 1085 advenam
793 1040 882 1100 aegre
895 1025 1024 1102 patiens,
1045 1025 1084 1084 si·

128 1108 189 1172 mul
203 1109 319 1169 Aeneae
334 1105 498 1184 Latinoque
512 1105 625 1166 bellum
637 1106 786 1168 intulerat.
803 1114 907 1168 neutra
919 1109 998 1168 acies
1008 1107 1084 1169 laeta
1102 1125 1119 1174 2

128 1211 166 1254 er
186 1211 222 1254 eo
246 1192 407 1252 certamine
422 1189 507 1251 abiit:
532 1192 601 1250 vieti
619 1191 734 1261 Rutuli,
760 1193 887 1252 victores
909 1190 1085 1268 Aborigines

127 1277 308 1351 Troianique
328 1274 434 1336 ducem
454 1274 591 1335 Latinum
613 1276 747 1336 amisere.
774 1274 844 1334 inde
858 1274 976 1335 Turnus
992 1273 1084 1336 Rutu·
1102 1291 1200 1344 a...

127 1361 210 1439 lique
233 1358 322 1420 diffisi
335 1357 426 1420 rebus
451 1359 487 1420 ad
501 1358 642 1420 florentes
663 1377 735 1438 opes
756 1358 950 1418 Etruscorum
969 1359 1085 1420 blezen·

107 1471 114 1478 r
128 1447 259 1520 tiumque
271 1459 373 1520 regem
385 1460 489 1504 eorum
501 1443 683 1520 confugiunt,
696 1444 747 1520 qui
760 1443 860 1512 Caere,
873 1440 1012 1520 opulento
1022 1449 1085 1503 tum

128 1529 248 1609 oppido,
263 1529 446 1604 imperitans,
459 1528 518 1587 iarn
529 1527 598 1588 inde
611 1525 647 1587 ab
659 1527 742 1587 initio
754 1527 876 1587 minime
887 1525 981 1588 laetus
993 1543 1085 1588 norae

128 1614 243 1691 origine
267 1609 365 1680 urbis,
388 1617 417 1671 et
430 1617 493 1671 tum
509 1611 601 1671 nimio
621 1610 688 1690 plus
709 1629 797 1689 quam
812 1610 883 1672 satis
899 1617 994 1670 tutum
1010 1620 1086 1673 esset

127 1695 237 1758 accolis
254 1713 319 1757 rem
330 1695 489 1755 Troianam
503 1713 640 1756 creseere
650 1702 742 1766 ratus,
757 1694 836 1755 haud
853 1695 994 1772 gravatim
1006 1697 1085 1755 socia

128 1799 209 1842 arma
233 1777 349 1840 Rutulis
371 1780 473 1839 iunxit.
505 1779 633 1846 Aeneas,
648 1780 796 1841 adversus
812 1779 884 1839 tanti
904 1777 975 1839 belli
990 1780 1120 1839 terro-t

127 1883 192 1928 rem
203 1871 236 1924 ut
247 1865 360 1924 animos
370 1862 565 1941 Aboriginum
577 1861 634 1924 sibi
646 1863 827 1932 conciliaret,
845 1879 902 1923 neo
913 1861 967 1922 sub
981 1863 1084 1923 eodem

127 1967 193 2010 rure
205 1947 300 2009 solum
312 1947 364 2008 scd
376 1949 464 2008 etiam
475 1948 596 2009 nomine
608 1965 711 2008 omnes
723 1953 829 2018 essent,
844 1945 964 2006 Latinos
975 1954 1084 2006 utram·

128 2051 186 2110 que
207 2038 325 2110 gentem
346 2029 510 2110 appellavit.
542 2049 598 2092 nec
621 2031 728 2093 deinde
749 2029 925 2108 Aborigines
949 2029 1084 2091 Troianis
1103 2045 1119 2094 o

127 2117 224 2178 studio
245 2132 279 2175 ac
293 2115 351 2176 lide
367 2132 436 2193 erga
455 2132 559 2193 regem
572 2115 701 2176 Aeneam
719 2133 844 2176 cessere.
873 2113 1025 2192 iratusque
1038 2113 1085 2175 his

128 2201 234 2262 animis
254 2199 483 2274 coalescentium
504 2200 535 2258 in
560 2200 623 2260 dies
644 2201 736 2277 magis
760 2199 886 2259 duorum
907 2198 1082 2277 populorum

128 2289 251 2354 Aeneas,
267 2299 445 2360 quamquam
457 2289 538 2344 tanta
553 2281 660 2362 opibus
677 2284 795 2343 Etruria
812 2289 889 2352 erat,
906 2289 938 2344 ut
952 2285 1010 2343 iam
1024 2299 1083 2343 non

129 2379 224 2430 terras
244 2366 339 2429 solum
357 2367 412 2428 sed
431 2385 513 2428 mare
530 2367 617 2428 etiam
631 2385 685 2446 per
701 2373 792 2427 totam
807 2365 907 2427 ltaliae
926 2365 1083 2444 longitudi-

128 2471 198 2514 nem
214 2451 250 2512 ab
268 2449 391 2530 Alpibus
407 2452 444 2513 ad
457 2452 567 2512 iratum
582 2450 713 2512 Siculum
730 2451 806 2511 lama
825 2451 953 2510 nominis
968 2452 1014 2510 sui
1029 2452 1083 2509 im·

129 2537 247 2615 plessei,
264 2542 378 2606 tamen,
401 2554 469 2596 cum
483 2533 639 2596 moenibus
655 2533 767 2596 bellurn
786 2531 962 2613 propulsare
975 2541 1084 2611 posset,

129 2621 161 2680 in
175 2620 269 2680 aciem
285 2621 385 2697 copias
403 2619 511 2680 eduxit.
542 2619 704 2681 secundum
718 2617 787 2678 inde
801 2615 950 2696 proelium
964 2615 1084 2686 Latinis,
1103 2631 1119 2682 a

130 2706 247 2764 Aeneae
267 2699 355 2764 etiam
374 2701 510 2763 ultimum
526 2720 651 2781 operum
664 2700 833 2762 mortalium
850 2699 914 2761 luit
944 2702 1016 2762 situs
1031 2709 1084 2771 est,

131 2803 347 2864 quamcumque
360 2804 432 2854 ,eum
446 2787 506 2847 dici
519 2787 566 2847 ius
580 2786 682 2863 fasque
695 2794 747 2855 est,
762 2801 852 2864 super
864 2782 1020 2846 Nmnieum
1031 2784 1084 2846 llu-

132 2873 223 2937 num:
239 2869 337 2931 lovem
353 2870 513 2948 indigetem
527 2869 683 2949 appellant.

194 2953 241 3014 ΙΙΙ.
263 2953 400 3014 Nondum
422 2961 554 3015 maturus
576 2954 701 3032 imperio
715 2955 858 3014 Ascanius
878 2954 994 3014 Aeneae
1008 2952 1085 3014 lilius
1106 2963 1118 3012 t

127 3036 209 3106 'erat3
226 3045 324 3098 tamen
340 3038 370 3098 id
385 3039 544 3116 Imperium
557 3038 585 3099 ei
597 3037 634 3098 ad
645 3036 789 3116 puberem
801 3044 926 3098 aetatem
936 3035 1085 3097 incolume

132 3122 246 3182 mansit.
271 3122 413 3199 tantisper
430 3121 521 3183 tutela
535 3120 682 3191 muliebri,
697 3128 775 3182 tanta
790 3119 905 3181 indoles
918 3123 950 3179 in
964 3120 1082 3181 Larmia

132 3213 209 3274 erat,
238 3223 287 3266 res
306 3205 409 3265 Latina
430 3211 459 3267 et
477 3222 603 3284 regnum
624 3206 733 3266 avitum
753 3212 969 3283 paternumque
990 3221 1084 3282 puero

131 3291 218 3351 stetit.
245 3287 325 3349 baud
342 3287 489 3366 ambigam
508 3323 543 3334 -
562 3291 628 3367 quis
643 3291 721 3350 enim
734 3306 799 3349 rem
814 3294 874 3347 tam
888 3295 1016 3348 veterem
1029 3305 1084 3366 pro
1103 3299 1118 3344 a

132 3379 214 3434 certo
229 3372 382 3433 adfirmet?
402 3405 436 3416 -
456 3373 556 3434 hicine
567 3372 657 3434 luerit
669 3374 820 3442 Ascanius,
836 3388 874 3436 an
888 3373 983 3432 maior
998 3387 1084 3448 quam

132 3457 195 3527 bic,
216 3457 324 3518 Creusa
341 3465 435 3517 matre
450 3455 503 3518 llio
519 3456 661 3517 incolumi
676 3465 761 3519 natus
778 3472 936 3533 comesque
950 3457 1019 3516 inde
1033 3472 1084 3533 pa·

132 3553 234 3602 ternae
256 3541 358 3618 lagae,
380 3558 468 3619 quern
485 3539 579 3601 lulum
599 3543 724 3604 eundern
747 3539 819 3601 Iulia
842 3557 915 3618 gens
936 3548 1084 3599 auctorem
