2572 3956
303 243 400 285 crece
416 243 464 284 111.
489 243 559 286 ear.
575 237 617 291 13.
635 236 678 290 14.
703 225 743 310 [a.
761 227 796 289 Ο.
811 239 872 295 461.
883 227 945 312 460]
1047 234 1109 300 139

149 391 260 454 debere
277 390 389 454 violari.
421 391 557 456 tribunus
575 393 753 473 supplicium
771 405 858 474 negat
875 404 1060 475 sumpturum
1076 417 1107 460 se
1125 414 1142 466 s

149 476 186 538 de
204 476 390 544 indemnato;
411 483 596 540 servaturum
613 485 712 538 tamen
729 480 760 538 in
779 478 903 541 vinculis
919 499 983 542 esse
1002 481 1039 542 ad
1061 484 1107 542 iu·

148 559 218 621 dicii
236 560 329 628 diem,
356 567 401 631 ut,
424 559 475 637 qui
490 557 642 622 hominem
663 565 828 633 necaverit,
852 562 889 624 de
910 582 946 624 eo
968 564 1107 643 supplicii

147 643 284 704 sumendi
300 644 385 722 eopia
400 641 511 721 populo
525 643 659 706 Romano
674 645 734 706 liat
767 645 907 726 appellati
922 647 1035 708 tribuni
1044 666 1106 709 me·
1124 661 1142 714 6

148 726 197 787 dio
213 727 332 788 decreto
346 728 392 787 ius
407 726 507 786 auxilii
521 728 568 787 sui
582 728 757 806 expediunt:
777 732 808 790 in
822 729 917 790 vincla
941 732 1038 792 conici
1059 750 1106 792 re·

147 817 225 878 tant;
241 811 305 872 sisti
322 827 423 880 reum,
437 812 669 890 pecuniamque,
685 813 743 873 uisi
758 815 896 884 sistatur,
911 814 1021 892 populo
1037 832 1107 893 pro·

146 894 223 954 mitti
247 892 366 972 placere
385 895 588 972 pronuntiant.
624 913 769 956 summam
795 899 939 974 pecuniae
969 903 1142 974 quantam?

146 995 252 1038 aecum
266 984 343 1038 esset
356 978 503 1056 promitti,
519 976 659 1039 veniebat
672 979 705 1039 iu
717 979 848 1040 dubium.
875 979 906 1042 id
921 981 957 1042 ad
973 989 1107 1042 senatum

145 1061 279 1122 reicitur.
314 1077 398 1131 reus,
422 1060 493 1120 dum
517 1061 744 1124 consulerentur
772 1070 888 1143 patres,
915 1071 1049 1126 retentus
1075 1066 1107 1125 in

146 1143 267 1224 publico
279 1152 332 1204 est
359 1144 446 1206 vades
462 1144 534 1205 dare
548 1144 668 1222 placuit.
701 1163 793 1206 unum
809 1147 912 1208 vadem
927 1148 1014 1208 lllllll
1029 1150 1107 1208 aeris
1125 1158 1142 1210 8

146 1226 359 1305 obligaverunt
404 1235 476 1305 quet
500 1227 659 1297 darentur,
688 1231 865 1306 permissum
893 1229 1021 1291 tribunis
1053 1238 1105 1292 est

146 1311 251 1374 decem
268 1311 415 1372 linierunt.
446 1317 490 1372 tot
504 1309 625 1372 vadibus
644 1320 799 1372 aecusator
816 1313 935 1374 vadatus
950 1323 996 1376 est
1011 1331 1105 1375 reum.

145 1394 194 1456 hic
215 1397 331 1474 primus
347 1395 434 1456 vades
460 1393 595 1472 publicos
618 1394 706 1457 dedit.
735 1396 872 1458 dimissus
893 1415 910 1458 e
931 1397 996 1461 loro
1019 1404 1106 1458 noete

145 1479 280 1558 proxima
298 1479 329 1538 in
345 1478 458 1540 Tuscos
472 1480 504 1538 iu
526 1477 644 1540 exilium
663 1478 743 1540 abiit.
780 1480 882 1541 iudicii
904 1481 951 1541 die
972 1498 1040 1541 cum
1055 1499 1105 1542 ex·
1122 1490 1140 1544 9

146 1569 299 1623 cusaretur
313 1561 409 1622 solum
423 1563 545 1624 vertisse
567 1562 647 1624 exilii
661 1581 764 1634 causa,
785 1563 878 1624 nihilo
894 1565 993 1624 minus
1003 1564 1105 1640 Vergi-

145 1647 196 1708 nio
208 1646 326 1706 comitia
336 1644 465 1707 habente
477 1644 618 1722 conlegae
629 1645 769 1726 appellati
779 1647 919 1708 dimisere
934 1646 1103 1708 concilium.

144 1730 271 1810 pecunia
288 1747 305 1790 a
320 1736 404 1808 patre
424 1735 525 1790 exacta
546 1729 722 1800 crudeliter,
743 1736 778 1790 ut
794 1730 949 1792 divenditis
968 1729 1105 1791 omnibus
1125 1739 1157 1792 m

144 1813 232 1874 bonis
246 1810 425 1890 aliquamdiu
436 1819 518 1873 tram
529 1811 662 1874 Tiberim
674 1811 763 1873 veluti
775 1812 925 1891 relegatus
936 1812 1020 1874 devio
1033 1830 1105 1890 quo·

145 1897 212 1959 darn
230 1898 347 1974 tugmio
364 1897 483 1957 viveret.

207 1979 279 2042 XIV.
310 1981 372 2041 lloe
390 1979 532 2041 iudicium
548 1986 577 2040 et
590 1978 775 2058 promulgata
794 1979 842 2042 lex
858 1981 992 2041 exercuit
1006 1980 1104 2040 cirita·
1125 1987 1138 2037 1

146 2073 222 2132 tem;
245 2062 282 2124 ab
303 2064 433 2125 externis
461 2064 551 2124 armis
571 2065 663 2124 otium
685 2063 748 2123 fuit
786 2081 852 2124 eum
873 2061 951 2124 velut
980 2065 1140 2130 victoresa

146 2148 258 2210 tribuni
272 2146 419 2226 perculsis
434 2145 568 2226 patribus
586 2147 726 2208 Caesonis
747 2146 835 2209 exilio
851 2164 945 2226 prope
961 2145 1105 2224 perlatam

145 2251 210 2294 esse
228 2231 387 2296 crederent
400 2229 513 2308 legem,
537 2236 567 2292 et
582 2231 661 2309 quod
676 2230 713 2290 ad
729 2232 862 2292 seniores
879 2238 996 2308 patrum
1012 2231 1104 2308 perti·

145 2323 231 2378 neret
253 2317 411 2378 cessissent
432 2315 621 2394 possessione
645 2315 691 2376 rei
713 2313 866 2392 publicae,
894 2314 1043 2383 iuniores,
1074 2313 1139 2376 ida

145 2402 271 2462 maxime
287 2398 367 2478 quod
382 2399 521 2460 Caesonis
543 2397 687 2460 sodalium
701 2398 770 2469 luit,
792 2415 901 2458 auxere
918 2398 979 2461 iras
995 2399 1027 2458 iu
1042 2398 1105 2476 ple·

144 2483 228 2555 bem,
245 2501 304 2545 non
316 2484 488 2544 minuerunt
496 2484 619 2543 animos.
646 2481 699 2543 sed
709 2480 752 2542 ibi
762 2480 1105 2560 plurimumproleetum

145 2576 204 2637 est,
226 2567 304 2644 quod
321 2567 409 2627 modo
426 2565 553 2644 quodam
568 2571 771 2644 temperavere
787 2567 913 2642 impetus
928 2581 1006 2624 suos.
1038 2581 1105 2624 oum
1122 2572 1139 2621 4

144 2652 242 2730 primo
257 2656 324 2730 post
338 2650 477 2712 Caesonis
492 2648 612 2710 exilium
628 2649 675 2710 lex
693 2657 796 2727 eoepta
808 2647 881 2709 ierri
895 2653 954 2717 est,
969 2647 1106 2708 instructi

144 2736 299 2815 paratique
331 2751 399 2795 oum
426 2733 540 2811 ingenti
567 2731 718 2794 clientium
740 2733 873 2794 exercitu
894 2732 937 2792 sic
959 2728 1104 2800 tribunos,

145 2819 198 2880 ubi
212 2820 342 2898 primum
356 2817 563 2880 submoventes
577 2814 744 2895 praebuere
760 2833 894 2886 eausam,
917 2814 1013 2876 adorti
1026 2823 1104 2884 suist,

145 2909 178 2961 ut
192 2919 279 2962 nemo
294 2919 371 2966 unus
384 2901 455 2962 inde
470 2902 665 2979 praecipuum
684 2901 844 2977 quicquam
862 2898 973 2977 gloriae
985 2897 1106 2959 domum

145 2985 310 3046 invidiaeve
328 2985 437 3056 ferret,
459 2983 540 3044 mille
553 3001 608 3062 pro
624 3001 684 3044 imo
698 2983 844 3046 Caesones
857 2984 988 3044 extitisse
1000 2979 1105 3060 plebes

147 3075 332 3146 quereretur.
361 3067 465 3130 mediis
486 3067 607 3137 diebus,
630 3066 737 3144 quibus
763 3067 876 3128 tribuni
900 3066 937 3127 de
958 3063 1024 3142 lege
1044 3073 1138 3125 nona

146 3157 287 3231 agerent,
302 3150 377 3211 nihil
392 3151 503 3214 eisdem
517 3150 576 3212 illis
590 3150 735 3230 placidius
750 3156 801 3212 aut
818 3150 944 3227 quietius
960 3155 1035 3210 erat:
1052 3145 1104 3208 be·

145 3239 236 3315 pigne
252 3235 397 3306 salutare,
415 3232 535 3312 adloqui
550 3233 647 3315 plebis
666 3234 817 3304 homiues,
836 3233 956 3294 domum
970 3233 1104 3304 invitare,

147 3321 250 3384 adesse
265 3322 297 3380 in
314 3319 394 3390 loro,
416 3318 551 3380 tribunos
567 3321 649 3398 ipsos
664 3325 762 3380 cetera
781 3319 843 3398 pati
857 3317 921 3379 siue
935 3313 1105 3393 interpella-

147 3407 229 3467 tione
243 3402 370 3465 cooeilia
383 3402 510 3474 hebere,
525 3419 687 3480 numquam
702 3401 757 3462 ulli
768 3419 866 3480 neque
878 3399 999 3480 publice
1008 3415 1105 3474 neque

148 3488 286 3567 privatim
300 3495 400 3552 truces
411 3507 492 3559 esse,
506 3488 565 3549 nisi
579 3504 648 3548 cnm
663 3485 700 3548 de
714 3484 781 3565 lege
795 3486 844 3564 agi
858 3491 994 3563 coeptum
1011 3487 1104 3548 esset:
