2572 3956
286 229 382 271 nmen
397 230 446 272 111.
474 230 546 274 une.
561 223 587 276 5.
604 223 630 278 6.
655 211 694 294 [a.
708 214 743 276 0.
758 223 819 280 tos.
830 213 892 298 46³]
1005 223 1062 282 131

108 379 221 446 sintne,
252 383 355 440 exaoto
383 378 540 442 addrmare
565 397 700 442 numero.
734 380 823 442 audet
843 387 942 444 tamen
963 381 1065 444 Antias
1086 392 1116 446 13

109 461 246 534 Valerius
268 463 428 542 concipere
448 480 592 526 summas:
612 463 762 526 Romanos
781 465 925 526 cecidisse
944 466 976 526 in
991 465 1065 527 ller-

109 545 179 606 nioo
195 561 266 622 agro
284 547 435 618 Vnone,
451 565 487 608 ex
501 546 728 625 praedatoribus
740 549 926 626 Aequorum,
948 549 999 626 qui
1012 567 1065 628 po·

109 627 276 708 pulabuodi
293 629 327 692 in
346 627 455 700 nonus
469 629 609 696 Romanis
630 629 828 709 vagabantur,
850 629 886 696 ab
910 631 943 695 t.
961 631 1065 698 Postu·

109 715 171 774 mio
195 711 319 774 cornule
341 714 371 782 1‘1
391 719 421 774 et
439 713 531 776 CCCC
550 731 669 784 meaos,
698 719 828 779 ceteram
848 713 1066 776 multitudinem

109 796 252 875 praedam
272 801 426 872 agentem,
447 813 523 874 <prae
539 795 678 860 inciderit
700 798 731 858 in
745 794 933 868 Quinotium,
954 815 1065 876 nequa·

109 897 199 958 quam
212 880 279 957 pari
293 879 462 941 defunctam
478 897 543 942 esse
558 879 665 949 caede,
687 879 843 942 interiecta
858 880 927 942 inde
942 879 996 942 llll
1009 881 1064 942 mi·
1145 902 1149 908 ·

109 962 147 1023 lia
161 969 205 1032 et,
223 961 397 1040 exequendo
412 960 561 1024 subtiliter
575 979 753 1034 numerum,
770 963 815 1028 00
832 965 873 1026 ait
888 969 917 1025 et
930 960 1018 1028 XXX.

174 1046 213 1108 Ut
225 1045 350 1107 Romam
361 1045 563 1116 roditomest,
579 1046 724 1110 iustitium
743 1048 901 1112 rennssum
919 1053 972 1110 est.
999 1065 1064 1110 cae·
1083 1057 1115 1107 lt

108 1129 172 1192 lum
186 1129 282 1192 visum
304 1133 350 1190 est
364 1128 469 1192 ardere
483 1127 614 1206 plurimo
628 1130 707 1206 igni,
722 1135 917 1208 portentaque
937 1129 994 1192 alia
1015 1137 1065 1192 aut

109 1212 264 1280 obversata
286 1209 380 1274 oeulis
403 1217 454 1274 aut
469 1229 559 1274 uanas
573 1214 722 1276 exterritis
741 1218 925 1276 ostentavere
939 1215 1062 1292 species.

108 1297 156 1358 lris
170 1295 336 1360 avertendis
352 1294 519 1358 terroribus
533 1297 565 1356 in
580 1295 711 1358 triduum
730 1295 822 1358 leriae
843 1295 986 1368 indictae,
1008 1314 1063 1376 per

109 1397 183 1458 quas
203 1379 301 1441 onmia
315 1377 440 1448 delubra
459 1397 564 1458 pacem
579 1377 668 1442 deum
687 1379 909 1460 exposcentium
933 1380 1063 1442 virorum

107 1462 326 1540 mulierumque
348 1460 437 1523 turba
460 1460 661 1541 inplebuntur.
692 1462 829 1526 cohortes
850 1461 919 1524 inde
941 1461 1063 1526 Latinae
1082 1473 1115 1528 lb

107 1546 314 1624 Hernicaeque
332 1544 370 1608 ab
386 1552 492 1613 senatu
504 1547 608 1624 gratiis
622 1545 660 1609 ob
676 1548 823 1627 inpigram
839 1545 974 1610 militiam
989 1547 1063 1609 actis

107 1631 251 1696 remissae
262 1629 374 1693 domos.
398 1629 530 1696 Antiates
545 1628 625 1695 mille
640 1629 763 1701 milites,
780 1631 847 1708 quia
863 1648 964 1694 serum
981 1631 1062 1692 auxi·

108 1712 180 1774 dnm
192 1718 259 1792 post
265 1711 413 1791 proelium
423 1720 574 1784 vennam,
585 1731 680 1793 prope
690 1731 758 1779 oum
769 1713 929 1792 ignominia
941 1713 1061 1776 dimissi.

168 1796 214 1857 v1.
244 1796 366 1861 Comitia
380 1796 580 1866 intonabile:
602 1799 694 1860 oreati
711 1795 850 1870 eonsules
873 1796 905 1859 L.
920 1796 1062 1862 nebullus
1082 1808 1095 1859 t

107 1879 140 1943 P.
155 1877 305 1943 Servilius.
327 1878 391 1942 llal.
405 1878 581 1950 Sextilibus,
596 1887 630 1943 ut
640 1886 711 1945 tune
720 1881 901 1960 principium
913 1883 982 1953 anni
994 1898 1062 1960 age·

107 1963 213 2034 batur,
235 1961 422 2031 consulatum
434 1965 548 2026 ineunt
580 1980 668 2042 grave
683 1970 801 2042 tempus
823 1970 852 2026 et
869 1965 947 2027 lorte
967 1978 1096 2028 ennuse

107 2046 249 2126 pestilens
267 2051 332 2110 erat
346 2045 415 2111 urbi
430 2047 567 2126 agrisque
581 2064 638 2108 nee
661 2045 831 2111 horninibus
855 2047 948 2126 magis
973 2065 1062 2124 quam

110 2131 226 2199 oeeori;
251 2136 281 2194 et
294 2148 405 2202 mirere
418 2132 476 2195 vim
489 2129 587 2192 morbi
601 2137 716 2203 terrore
730 2129 929 2210 populationis
944 2130 1061 2210 peeori-
1096 2210 1098 2215 Ι

108 2231 164 2278 nus
182 2211 406 2292 agrestibusque
419 2215 451 2277 in
465 2213 570 2286 urbem
585 2214 723 2294 aooeptis.
757 2233 791 2276 ea
804 2212 942 2282 eortluvio
955 2214 1060 2276 mixto·
1079 2224 1095 2276 a

106 2317 174 2360 rum
190 2297 286 2360 omnis
305 2300 422 2376 generis
437 2298 629 2365 animantium
645 2304 675 2362 et
689 2297 781 2364 odore
795 2296 914 2361 insolito
929 2295 1061 2368 urbanos

108 2389 139 2444 et
152 2386 299 2460 agrestem
310 2381 477 2446 contentum
492 2383 524 2442 in
537 2387 601 2445 arta
616 2387 695 2444 tecta
709 2388 793 2448 aestu
808 2399 844 2444 ae
855 2380 960 2459 vigiliis
971 2397 1060 2460 ange·

106 2466 174 2534 bat,
196 2465 419 2544 ndnisteriaque
431 2465 472 2540 in
488 2466 582 2529 vicem
601 2483 640 2533 ae
660 2465 797 2542 contagio
816 2465 881 2544 ipsa
904 2463 1061 2541 volgabant

107 2549 237 2610 morbos.
267 2550 315 2608 vir
330 2549 474 2610 instantes
491 2546 706 2609 sustinentibus
721 2546 954 2628 cladesrepente
971 2545 1059 2624 legati
1076 2563 1094 2614 a

106 2632 228 2698 llerniei
241 2634 379 2704 nuntiant
396 2634 428 2698 in
442 2649 514 2710 agro
533 2649 589 2701 suo
602 2629 719 2710 Aequos
735 2627 917 2709 lubensque
937 2631 1059 2693 coniun-

107 2717 265 2794 etiseopiis
276 2722 372 2778 eastra
387 2716 538 2795 posuisse:
553 2713 622 2782 inde
638 2715 772 2784 ueruto
782 2715 894 2794 ingenti
904 2713 978 2776 lines
989 2732 1059 2776 suos

106 2797 291 2879 depopulari.
321 2798 627 2879 praeterquamquod
646 2798 820 2877 infrequens
839 2803 961 2864 senatus
983 2797 1058 2858 indi·
1077 2813 1093 2863 5

107 2885 154 2946 oio
171 2888 234 2944 erat
248 2884 336 2947 sooiis
357 2883 505 2950 adlliotauu
525 2883 673 2960 civitatem
692 2881 860 2962 pestilentia
875 2901 955 2952 esse,
980 2900 1058 2944 mae-

107 2974 186 3030 stum
202 2967 290 3030 etlam
302 2985 480 3048 responsum
497 2965 607 3038 tulere,
624 2973 657 3027 ut
668 2985 724 3044 per
738 2967 840 3044 seipsi
855 2965 976 3028 llernioi
992 2983 1059 3028 cunr

106 3050 219 3115 Latinis
231 3068 281 3112 res
290 3069 359 3114 suas
371 3055 553 3117 tutarentur:
569 3049 676 3114 urbem
686 3050 849 3112 itomanam
859 3049 957 3112 subita
971 3049 1059 3109 deum

105 3137 151 3198 ira
161 3132 268 3196 morbo
278 3133 429 3213 populari;
443 3136 470 3200 si
486 3152 544 3213 qua
559 3135 623 3199 eius
635 3132 705 3194 mab
716 3133 800 3212 quies
813 3133 920 3204 reniet,
937 3139 969 3192 ut
982 3146 1064 3194 anno

106 3226 188 3289 ente,
206 3226 239 3281 ut
253 3237 372 3298 semper
383 3217 454 3282 alias
463 3219 554 3282 soeiis
566 3235 653 3296 opem
663 3213 785 3278 laturos.
811 3215 974 3280 discessere
985 3213 1093 3278 soelio

106 3321 161 3381 pro
176 3303 252 3367 tristi
263 3303 368 3367 ntmtio
380 3303 542 3367 tristiorem
553 3301 672 3364 domum
683 3296 862 3371 relerentes,
875 3299 985 3378 quippe
994 3298 1059 3378 qui-

105 3385 161 3447 bus
180 3404 234 3464 per
249 3405 282 3450 se
298 3386 504 3451 sustinendum
523 3383 634 3446 bellum
656 3387 733 3452 erat,
754 3382 834 3460 quod
856 3383 904 3442 vix
919 3381 1059 3446 Romanis

105 3469 530 3532 tultiriribussustinuissent.
842 3548 885 3613 9*
