2534 3956
213 199 277 262 254
357 211 452 252 orons
469 210 513 252 rv.
543 209 610 250 can.
628 199 672 254 60.
688 198 729 256 61.
758 187 797 271 [a.
813 209 841 249 u.
859 209 883 250 c.
899 186 1028 270 ste-350]

178 368 195 419 3
214 356 496 435 cumulatioremque
512 357 636 434 gratiam
655 357 709 418 rei.
741 354 855 418 uibuni
873 354 985 434 plebis,
1008 360 1177 421 communis

213 442 350 502 ordinum
364 440 492 503 laetitiae
503 439 740 517 concordiaeque
753 438 810 503 soli
823 447 975 518 expertes,
991 457 1102 518 negare
1114 449 1177 502 tarn

212 526 243 586 id
256 525 365 586 laetum
379 522 514 604 patribus
528 524 709 584 universisve
724 540 903 605 prosperum
920 525 985 586 lore
1005 542 1094 603 quam
1115 528 1178 603 ipsi

213 610 379 670 crederem
416 607 572 670 consilium
593 608 694 685 specie
718 607 815 684 prima
840 607 947 668 melius
970 608 1062 669 inisse
1083 625 1176 685 mam

175 709 194 758 4
212 710 267 754 usu
283 694 495 770 appariturum.
528 690 607 752 unde
623 691 703 752 onim
715 708 780 752 eam
794 692 952 767 pecuniam
967 691 1075 751 conliei
1083 710 1177 770 posse

176 806 183 822 2
210 778 269 838 uisi
283 775 392 837 tributo
407 775 518 854 populo
533 774 664 834 indictol
693 792 729 835 er
745 772 843 834 alieno
856 775 947 852 igitur
958 775 1023 836 aliis
1039 773 1174 852 largitos.

209 877 308 936 neque
330 860 376 928 id,
401 861 487 920 etiam
508 860 534 918 si
556 858 647 918 ceteri
666 857 777 929 ierant,
806 875 947 935 possimos
971 876 1038 928 eos,
1064 858 1176 936 quibus

209 945 269 1004 iam
292 944 414 1003 emerita
437 940 582 1020 stipendia
606 949 719 1011 esseut,
745 939 871 1003 meliore
896 941 1072 1003 condicione
1098 941 1175 1004 aiios

209 1025 336 1088 militare
351 1043 439 1103 quam
452 1027 509 1104 ipsi
523 1023 710 1096 militassent,
735 1032 764 1086 et
778 1024 899 1086 eosdem
914 1027 947 1085 in
961 1043 1013 1087 sata
1023 1026 1175 1104 stipeudIa

175 1119 192 1171 o
209 1112 350 1188 inpensas
367 1110 474 1172 leniam
490 1116 520 1170 et
539 1109 571 1168 iu
585 1107 712 1168 Mum
731 1107 840 1169 lacere.
868 1108 915 1170 his
933 1107 1056 1170 vocibus
1072 1127 1174 1171 move·

208 1200 280 1254 runt
295 1200 410 1271 partem
429 1191 534 1272 plebis.
564 1198 716 1271 postremo
739 1191 851 1253 indicto
871 1194 931 1253 iam
944 1192 1056 1254 tributo
1070 1193 1174 1255 edixe-

208 1283 280 1338 runt
293 1279 381 1338 etiam
404 1275 517 1337 tributu
538 1273 651 1336 auxilio·
667 1293 700 1336 se
721 1274 851 1346 futuros,
871 1277 897 1338 si
916 1277 982 1353 quis
996 1279 1028 1337 iu
1042 1276 1174 1338 militaro

175 1372 193 1425 tl
209 1360 389 1440 stipendium
398 1360 542 1420 tributum
556 1376 618 1420 uon
630 1357 808 1420 contulisset
835 1366 935 1438 patres
946 1360 1023 1422 bene
1034 1367 1173 1439 coeptam

209 1461 275 1505 rem
284 1450 510 1523 perseveranter
520 1443 613 1504 tueri:
629 1441 766 1504 conferre
781 1443 840 1521 ipsi
851 1445 957 1522 primi,
973 1452 1003 1505 et
1013 1445 1082 1522 quia
1092 1461 1172 1504 non·

210 1527 280 1588 dum
295 1534 450 1605 argeutum
464 1528 612 1604 signattrm
628 1533 706 1596 erat,
728 1543 779 1587 aes
792 1543 882 1604 grave
895 1525 1036 1605 plausu'is
1050 1527 1170 1604 quidam

208 1610 246 1671 ad
271 1613 418 1672 aerarium
442 1608 640 1671 convehentes
663 1610 828 1688 speciosam
858 1612 945 1672 etiam
970 1611 1171 1674 emulationem

173 1704 191 1754 7
208 1693 363 1756 iaciebant
397 1713 465 1755 oum
480 1700 598 1755 senatus
611 1711 725 1755 summa
747 1693 805 1756 tide
825 1712 862 1757 ox
879 1711 971 1757 censu
987 1694 1161 1757 contulisset

206 1780 366 1858 primores
373 1777 484 1858 plebis,
506 1777 651 1838 nobilium
673 1778 776 1848 amici,
799 1797 836 1840 ex
856 1779 1009 1857 conposito
1030 1779 1169 1839 conferre

172 1872 190 1925 ⁸
206 1864 361 1941 incipiunt
393 1879 469 1940 quos
485 1879 553 1922 curn
563 1869 593 1924 et
608 1880 625 1923 a
639 1861 773 1940 patribus
788 1862 962 1924 conlaudari
974 1870 1004 1924 ct
1017 1880 1034 1923 a
1047 1861 1168 1922 militari

207 1954 301 2009 aetate
317 1955 468 2024 tamquam
478 1945 575 2007 bonos
589 1947 668 2008 cives
688 1947 821 2024 conspici
834 1945 937 2025 vulgus
955 1946 1110 2007 hominum
1125 1947 1167 2006 vi·

207 2030 263 2101 dit,
279 2037 404 2109 repente
418 2037 518 2108 spreto
530 2029 691 2091 tribunicio
702 2029 811 2090 auxilio
827 2037 978 2093 certamen
992 2029 1164 2092 conferendi

161 2117 190 2176 't
207 2121 252 2176 est
267 2121 374 2174 ortum.
405 2119 435 2175 et
453 2112 519 2192 lego
536 2113 649 2192 perlata
664 2113 701 2176 do
720 2114 879 2176 indicendo
889 2112 1062 2176 Veientibus
1076 2112 1166 2183 bello,

206 2199 369 2258 exercitum
385 2214 491 2274 magua
507 2215 543 2258 ex
557 2205 642 2273 parte
656 2195 855 2258 voluntarium
870 2200 940 2258 novi
959 2196 1072 2260 tribuni
1088 2195 1152 2257 mili

153 2329 156 2336 .
205 2287 267 2340 tum
283 2279 432 2340 consulari
446 2286 590 2358 potestate
606 2280 693 2341 Veios
709 2279 829 2343 duxere.

173 2379 186 2428 1
269 2362 340 2424 LXI.
373 2364 471 2426 Fuere
497 2370 596 2424 autem
616 2363 728 2423 uibuni
749 2365 783 2424 Τ.
808 2362 962 2434 Quinctius
983 2364 1166 2445 Capitolinus

205 2443 239 2515 Q.
257 2443 411 2516 Quinctius
427 2449 618 2510 Cincinnatus
631 2448 661 2509 C.
673 2446 765 2508 lulius
778 2447 859 2510 lulus
871 2451 979 2509 iterum
993 2449 1026 2510 l.
1039 2448 1165 2510 Manlius

171 2531 236 2597 aL.
252 2530 361 2592 Furius
378 2531 556 2593 Medullinus
577 2533 666 2593 tertio
690 2529 736 2591 M’.
758 2531 899 2594 Aemilius
919 2531 1094 2596 Mamercus.
1126 2531 1164 2592 ab

204 2617 241 2676 iis
255 2616 384 2693 primum
402 2616 588 2677 circumsessi
601 2615 655 2675 Vei
670 2622 753 2684 stmt;
773 2613 828 2676 sub
846 2617 930 2678 cuius
949 2617 1066 2677 initium
1085 2616 1164 2677 obsi-

205 2699 302 2759 dionis
327 2716 395 2759 cum
414 2698 607 2760 Etruscorum
629 2697 788 2760 concilium
812 2700 849 2761 ad
869 2699 972 2762 lanum
991 2699 1163 2762 Voltumnae

205 2783 377 2860 frequenter
387 2779 521 2844 habitum
532 2788 622 2854 esset,
633 2800 739 2861 parum
750 2785 895 2855 constitit,
910 2782 1031 2846 bellone
1042 2782 1162 2865 publico

171 2869 302 2944 agentis
324 2867 478 2927 universae
496 2866 599 2928 tuendi
619 2867 756 2928 Veientes
776 2877 883 2930 esseut.
924 2885 959 2928 ea
982 2867 1163 2946 oppugnatio

205 2951 325 3027 segnior
339 2951 507 3027 insequenti
521 2967 599 3010 auno
620 2950 675 3010 luit
690 2958 773 3029 parte
793 2950 982 3012 tribunorum
1004 2952 1162 3012 crucians-

170 3055 189 3104 4
206 3050 263 3111 que
280 3033 317 3094 ad
332 3031 470 3094 Volscum
484 3052 500 3095 a
518 3041 619 3094 vocata
637 3033 756 3095 bellum.
789 3035 938 3096 Tribunos
951 3033 1077 3096 militum
1092 3051 1162 3094 oon·

205 3117 297 3180 sulari
312 3123 457 3196 potestate
475 3120 501 3180 is
515 3135 609 3180 annus
630 3117 734 3179 habuit
750 3119 780 3180 C.
796 3103 944 3180 Valerium
959 3119 1088 3180 Potitmn
1102 3127 1162 3177 tor·

204 3202 277 3261 tium
292 3201 340 3263 M'.
355 3202 491 3281 Sergium
505 3202 677 3264 Fidenatem
692 3203 724 3262 P.
747 3200 915 3264 Cornelium
929 3200 1161 3279 Maluginensem

206 3284 258 3345 Cn.
276 3285 445 3346 Cornelium
463 3287 583 3348 Cossum
598 3286 634 3346 ll.
644 3285 768 3346 Fabium
779 3286 952 3347 Mnbustum
963 3285 1013 3364 Sp.
1024 3284 1162 3347 Nautium

171 3380 188 3433 o
205 3366 334 3430 Rutilum
349 3371 466 3431 iterum.
494 3387 560 3431 cum
571 3369 683 3431 Volscis
695 3371 773 3431 inter
783 3370 974 3432 Ferentinum
987 3376 1077 3446 atque
1087 3366 1161 3427 llce·

205 3458 281 3512 tram
296 3454 388 3532 signis
405 3453 528 3515 conlatis
542 3453 726 3523 dimicatum;
746 3454 886 3516 Romanis
899 3452 1028 3516 secunda
1043 3452 1160 3512 fortuna
