2548 3954
297 233 344 280 ult
361 233 432 280 'l'l'l’l
449 233 635 282 mvltvm
654 233 699 281 ltu*
716 231 881 282 scaffnis,
1001 235 1060 284 xct

99 390 335 452 emendationibus
342 390 499 464 Nlladuigii
507 391 535 447 iu
542 390 686 448 verborum
695 391 816 448 ordinem
824 392 941 466 receptis
948 393 1060 450 sanarit.

99 473 432 551 liuperrimell.llertains
446 473 535 530 studia
550 492 598 531 sua
614 475 641 531 in
655 474 715 531 aliis
727 475 906 550 scriptoribus
919 493 979 533 eunt
989 493 1060 534 surn-

99 577 143 618 ma
158 558 240 615 lande
255 565 361 615 versata
376 557 404 614 in
422 558 451 613 T.
463 557 566 614 Livium
577 557 701 622 eontulit,
714 566 742 615 et
756 557 784 615 iu
794 557 881 633 prima
891 551 1060 632 deoado³²⁷i

100 660 171 718 quae
193 641 281 699 adhue
302 641 373 699 edita
387 650 442 704 est,
458 649 505 710 aut
522 641 555 697 ad
570 641 736 716 optimorum
753 642 876 700 oudinum
893 649 1003 717 praeter
1018 659 1060 701 ee·

100 737 178 784 teros
194 724 305 782 biedioei
319 723 406 789 tidem,
420 734 476 787 aut,
492 723 539 780 ubi
551 725 744 790 destituebant,
760 725 818 783 suis
837 725 983 783 aliorumve
997 744 1061 785 eoo·

100 809 215 868 iecturis
240 807 405 866 emendanda
433 808 533 882 ingenii
557 825 611 882 quo
631 807 718 884 pollet
746 809 866 867 acumine
894 809 1061 884 subactaque

101 893 203 951 indicio
220 901 247 948 et
263 891 363 966 insigni
378 892 538 950 dexteritate
556 891 594 950 ita
615 910 682 950 usus
700 903 760 958 est,
776 901 807 951 ut
822 894 906 950 editio
921 893 1001 952 abeo
1016 910 1062 968 pa·

100 985 162 1034 rata
180 984 208 1033 et
227 992 334 1040 eorum,
356 976 403 1050 qui
424 976 506 1032 aniani
525 975 721 1034 corroborandi
743 977 914 1034 erudiendive
932 995 1014 1035 eausa
1029 978 1061 1034 ad

99 1061 207 1118 Livium
219 1059 362 1123 aeeedunt.
378 1059 467 1118 studia
481 1059 587 1116 adiuret
601 1067 629 1116 et
642 1061 762 1117 virorum
777 1061 929 1125 doctorum.
945 1061 973 1118 iu
995 1079 1061 1134 quo·

100 1162 163 1202 rum
189 1160 269 1200 usum
293 1143 493 1202 aoouratissima
515 1143 617 1201 adiecta
639 1152 681 1200 est
703 1144 841 1202 adnotatio
862 1144 971 1206 eritioa.
991 1145 1061 1201 desi·

100 1227 187 1286 deriis
204 1226 361 1285 satislaoiat.
382 1277 388 1290 ,

165 1311 275 1368 Praeter
291 1327 347 1375 eos,
365 1311 411 1384 qui
428 1319 475 1366 aut
490 1317 578 1367 toturn
595 1327 664 1384 opus
675 1311 814 1368 livianum
831 1319 878 1368 aut
894 1319 986 1386 partes
1002 1311 1061 1368 eius

100 1393 253 1458 ediderunt.
265 1393 426 1470 permultos,
436 1395 483 1470 qui
495 1392 618 1468 singulos
632 1391 708 1452 looos
717 1393 899 1469 peculiaribus
907 1394 1061 1472 scriptioni-

99 1479 153 1536 bus
170 1477 405 1543 traetatuntbene
420 1476 534 1534 delirio
550 1477 682 1535 meruisse
697 1495 751 1535 non
764 1487 806 1536 est
818 1480 890 1553 quod
900 1471 1061 1552 diom³²⁸);

100 1579 197 1620 eorum
214 1562 329 1636 denique
345 1561 451 1624 studiis,
468 1560 514 1635 qui
531 1569 627 1620 nostra
639 1562 811 1636 potissimum
827 1570 915 1620 aetate
930 1562 1060 1620 historiae

100 1647 252 1710 Romanae.
268 1645 475 1720 chronologiae,
492 1645 558 1709 iuri.
581 1645 789 1721 antiquitatibus
802 1663 898 1703 novam
913 1645 1001 1704 lucem
1015 1647 1060 1703 ad-

101 1730 240 1793 iudorunt,
256 1729 408 1786 etiambirii
422 1729 497 1786 looos
509 1729 580 1786 baud
588 1745 690 1805 pauens
702 1727 854 1788 illustrasse
866 1746 948 1805 supra
958 1729 1060 1787 dietum

101 1823 155 1870 est.
189 1812 309 1882 Quorum
330 1811 416 1871 libros
433 1821 465 1870 ot
478 1829 619 1871 recensere
635 1813 748 1887 longum
768 1823 853 1872 otest
873 1814 906 1870 ab
928 1813 980 1871 boo
998 1811 1059 1870 loeo

101 1895 235 1960 alienum.
255 1897 293 1955 ita
307 1897 359 1954 iarn
372 1897 443 1954 inter
459 1913 551 1955 ornnes
564 1905 673 1955 constat
684 1896 782 1955 multas
793 1898 964 1954 livianorum
978 1895 1061 1952 libro·

101 1998 165 2038 rum
184 1989 276 2055 partes
297 1997 352 2038 non
372 1999 452 2056 posse
473 1980 526 2037 nisi
547 1980 590 2036 his
607 1979 735 2037 subsidiis
757 1981 784 2037 in
800 1997 878 2037 usunr
899 1978 1000 2037 vocatis
1016 1989 1061 2036 aut

101 2073 178 2122 reete
193 2059 309 2138 intelligi
325 2073 371 2123 aut
384 2064 527 2122 emendari.

171 2310 230 2373 327)
244 2313 271 2362 Τ.
286 2313 345 2364 tini
358 2311 394 2362 ab.
408 2326 431 2362 u.
445 2327 466 2362 c.
480 2311 534 2362 libri
548 2311 597 2361 Vol.
610 2311 628 2368 1.
640 2312 704 2376 Lips.
719 2309 792 2362 1857.

168 2377 230 2442 828)
244 2379 327 2430 llnltos
343 2379 463 2430 recensuit
478 2377 625 2442 Kreyssigios
694 2377 731 2428 ed.
749 2378 934 2430 Tanehuitiaoae
952 2375 1020 2430 roll
1037 2389 1061 2440 p.

104 2447 142 2499 tlt
154 2461 206 2511 sqq.
222 2453 242 2496 et
255 2440 390 2508 Sdhweiger
401 2447 425 2495 in
438 2445 539 2494 manuali
551 2443 740 2510 bibliograpbico
755 2445 786 2502 ll.
800 2441 822 2502 l.
835 2441 886 2494 atto
897 2458 949 2508 sqq.
