2522 3954
221 231 330 280 XLVIII
409 229 456 276 Dll
473 227 647 276 r1u1n1vtl
665 226 748 275 VITA
762 225 806 273 ΕΤ
824 223 988 276 sompnis.

219 390 329 464 copiose
351 404 485 463 exponere
504 385 588 449 solet,
609 392 641 441 ut
658 403 673 443 a
686 384 800 461 Polybio
816 392 846 442 et
858 384 985 458 Dionysio
999 383 1101 441 laetum
1116 401 1175 443 esse

219 472 352 539 videmus,
369 471 416 528 sed
435 471 464 527 in
480 470 538 544 ipsa
555 485 645 526 rerum
660 469 815 527 narratione
829 467 948 525 breviter
962 466 1108 542 signifieat,
1131 478 1176 525 aut

219 573 251 613 ex
260 555 373 618 ratione,
382 571 434 629 qua
441 570 509 628 quae
520 553 591 610 laeta
601 561 666 610 sunt
677 553 749 610 iuter
755 569 784 610 se
797 551 944 614 coniunxit,
952 549 1069 625 intelligi
1080 550 1175 614 voluit,

219 646 255 703 et.
270 638 411 713 siquando
426 637 577 696 aeeuratius
594 645 672 694 erant
694 635 862 710 explicanda.
885 634 1021 693 orationes
1030 627 1081 707 ¹⁴¹)
1095 635 1175 692 mode

220 723 359 780 breviores
373 722 453 780 mode
468 720 607 796 longiores
621 721 721 778 inieeit.
753 718 803 777 llas
819 719 890 777 enirn
904 735 960 776 non
976 725 1081 776 tantum
1097 734 1177 776 orna·

220 816 264 864 tus
279 823 360 865 eausa
376 822 438 862 esse
449 805 552 863 additas
568 812 613 862 aut
627 803 742 862 aliorum
757 802 879 878 exemplo
895 803 1068 876 scriptorum,
1085 802 1176 860 sedeo

219 890 392 965 potissimum
411 887 527 947 oonsilio
548 887 679 952 insertas,
702 897 733 944 ut
755 903 852 946 eausae
879 903 970 944 rerum
988 893 1016 942 et
1037 884 1176 943 hominurn

219 971 333 1031 consilia
341 973 512 1048 aperirentur
522 980 550 1030 et
562 980 728 1046 argumenta,
737 971 869 1046 inquibus
879 978 1029 1033 versantur,
1043 978 1071 1028 et
1085 986 1176 1027 earum

218 1073 279 1114 eum
301 1056 414 1130 reliquis
434 1065 487 1114 taun
506 1063 569 1131 apta
588 1055 743 1114 eoniunetio
759 1055 892 1118 ostendit,
914 1061 945 1110 ut
959 1070 1021 1112 vere
1036 1051 1176 1122 Quintilia-

218 1157 269 1197 nus
284 1140 322 1204 ll,
341 1149 371 1204 1,
388 1150 435 1201 101
452 1157 532 1206 „eum
547 1139 630 1197 rebus
652 1148 709 1198 tum
726 1138 852 1214 persenis
868 1137 1099 1196 aeeommodatas“
1116 1153 1176 1194 esse

218 1225 350 1281 iudicasse
364 1224 500 1298 putandus
511 1223 555 1281 sit.
586 1223 651 1281 Nam
670 1239 725 1280 non
741 1223 799 1280 lere
816 1221 909 1280 alienis
925 1220 1001 1285 loeis,
1019 1221 1045 1278 id
1060 1220 1133 1295 quod
1149 1221 1176 1276 in

218 1307 345 1382 Dionysio
363 1307 584 1383 reprehenditur,
606 1316 670 1365 sunt
685 1307 805 1382 positae,
827 1322 915 1382 neque
939 1304 1030 1380 inepta
1044 1304 1175 1367 doctrina.

218 1390 383 1464 monitisque
401 1386 483 1464 atque
496 1391 648 1465 praeceptis
665 1391 789 1455 refertae.
805 1405 892 1464 neque
908 1389 941 1447 ad
958 1387 1075 1447 taedium
1089 1405 1175 1462 usque

219 1481 312 1531 auetae
327 1480 355 1530 et
369 1471 544 1548 amplificatae
552 1466 611 1547 ¹4²).
641 1474 743 1532 Paucae
757 1481 785 1531 et
801 1471 895 1532 breves
912 1481 976 1530 sunt
990 1472 1177 1546 antiquissima

218 1563 319 1620 aetate,
337 1555 431 1630 plures
447 1564 474 1613 et
489 1555 634 1631 ampliores
652 1556 715 1614 inde
732 1556 765 1614 ab
780 1573 813 1614 eo
832 1564 967 1632 tempore,
988 1573 1043 1630 quo
1060 1554 1176 1612 tribunis

220 1638 308 1714 plebei
333 1639 466 1697 institutis
490 1641 607 1714 partium
629 1640 718 1699 studia
739 1639 768 1698 in
786 1640 854 1698 urbe
875 1648 1047 1704 exarserunt;
1068 1656 1130 1696 raro
1148 1639 1176 1695 in

217 1722 365 1782 levioribus
381 1722 463 1780 rebus
478 1733 634 1787 versantur,
650 1723 679 1780 in
696 1723 879 1798 gravioribus,
895 1724 951 1781 sive
966 1722 1045 1781 bellis
1060 1722 1116 1780 sive
1135 1723 1176 1780 rei

217 1804 341 1880 publieae
360 1806 556 1864 mutationibus
576 1823 632 1864 non
649 1806 729 1864 laeile
747 1806 949 1872 desiderantur,
969 1823 1062 1864 omnes
1076 1814 1175 1870 autem.
1248 1801 1249 1814 ¹

217 1897 248 1947 ut
268 1889 407 1948 rhetorem
423 1889 520 1954 videas,
537 1889 650 1948 maxima
670 1899 729 1949 arte
745 1889 906 1948 elaboratae.
939 1889 996 1948 lltsi
1011 1890 1082 1948 enirn
1099 1889 1175 1947 dubi-

216 1973 269 2031 tari
283 1990 338 2029 ιιοιι
353 1981 454 2047 petest,
464 1973 529 2048 quin
543 1974 613 2048 apud
623 1973 735 2032 Latinos
752 1991 861 2049 quoque
876 1974 1033 2050 scriptores,
1050 1991 1119 2049 quos
1134 1991 1175 2030 se·

218 2055 351 2130 quebatur
357 2055 455 2120 Livius.
468 2065 499 2114 ut
511 2058 581 2132 apud
587 2055 729 2132 Polybium
743 2057 860 2116 insertas
874 2057 1017 2117 contiones
1032 2058 1174 2122 invenerit,

218 2147 306 2198 tamen
332 2156 382 2196 suo
399 2139 427 2197 iu
448 2141 482 2197 iis
502 2141 672 2198 admittendis
689 2141 788 2200 iudieio
803 2141 897 2216 potius
911 2158 977 2200 usus
992 2159 1072 2216 quam
1087 2157 1174 2199 exem-

217 2222 291 2297 plum
311 2224 433 2298 priorum
453 2223 574 2282 imitatus
595 2223 661 2282 alias
682 2225 781 2288 omisit.
797 2242 842 2283 eas
856 2225 1037 2300 potissimum.
1057 2243 1125 2300 quae
1142 2225 1175 2282 ab

218 2306 283 2380 ipsis
306 2307 447 2364 autoribus
461 2307 579 2382 scriptae
594 2301 805 2381 exstabant¹⁴³)‚
826 2309 892 2367 alias
907 2309 966 2366 eliis
981 2318 1063 2384 atque
1078 2307 1118 2366 illi
1134 2308 1175 2366 le·
1245 2367 1246 2370 ,

216 2388 269 2454 eis,
286 2389 334 2447 ubi
352 2389 499 2448 desiderari
514 2391 686 2457 videbantur,
707 2392 817 2457 adiecit,
841 2391 953 2451 aliarum
969 2401 1127 2467 argumenta
1142 2410 1175 2450 ex
1245 2389 1246 2393 ’

216 2472 346 2539 lontibus.
364 2474 463 2550 quibus
480 2475 614 2540 utebatur,
629 2474 721 2533 hausit
738 2476 853 2551 quidem,
869 2477 917 2534 sed
931 2477 970 2535 ita
985 2475 1098 2536 mutavit
1113 2493 1174 2534 sen·

216 2557 362 2634 tertiarum
384 2558 478 2617 ordine
497 2575 643 2624 converso,
664 2558 724 2618 aliis
737 2560 853 2635 demptis
868 2559 928 2617 aliis
945 2559 1055 2625 additis.
1071 2568 1101 2618 ut
1118 2577 1174 2618 non

217 2640 305 2697 minus
322 2658 401 2714 φιιιιι
426 2659 481 2706 eae.
498 2661 564 2718 quas
579 2643 637 2718 ipse
655 2643 757 2701 Invenit
778 2652 806 2701 et
824 2643 984 2709 elaboravit,
1010 2661 1042 2701 ex
1063 2645 1174 2718 ingenio

217 2722 275 2780 eius
290 2723 429 2801 proleetae
443 2725 527 2783 rideri
543 2725 657 2801 possint.
681 2726 708 2783 ld
723 2744 777 2784 non
795 2728 882 2786 solum
898 2746 929 2786 ex
947 2729 980 2786 iis
996 2728 1173 2803 argumentis,

284 2954 343 3018 141)
361 2956 411 3008 vit.
427 2957 454 3007 h.
472 2958 500 3009 G.
520 2957 612 3008 Ernesti
629 2959 658 3010 de
675 2963 815 3026 panegyrica
831 2963 857 3012 Τ.
871 2962 930 3013 tivit
949 2963 1088 3025 eloquentia,
1106 2963 1171 3028 lips.

218 3020 295 3080 17873
312 3023 380 3074 lland
396 3024 425 3075 de
436 3025 503 3075 litio
520 3031 620 3084 oratore,
632 3027 697 3091 lips.
713 3026 790 3085 1773:
808 3029 905 3080 beelim.
918 3030 936 3086 l.
949 3026 995 3087 823
1010 3027 1058 3079 119
1069 3044 1131 3094 sqq..
1143 3029 1171 3087 lt.

217 3089 461 3237 leffiQKlfgsrlsHl',
471 3089 746 3216 lssthqlvlusptstcehemsiq
757 3162 786 3212 de
798 3163 910 3226 Dionysio
928 3163 1110 3215 halicarnasseo
1134 3162 1170 3217 bi·

215 3231 304 3274 sterreo
317 3231 361 3274 ete.
386 3225 553 3287 Heidelberqre
566 3224 631 3278 1820
643 3244 666 3292 p.
679 3227 712 3278 92
724 3243 775 3294 sqq.

284 3288 342 3353 14³)
361 3291 411 3342 viu.
429 3293 498 3349 xtt'.
516 3293 562 3351 eth
580 3295 747 3354 inuisam
763 3294 810 3354 43;
828 3298 950 3355 llllll'lll.
962 3297 1008 3354 bia
1027 3298 1169 3348 Lachmann.

214 3355 243 3413 ll,
257 3353 289 3405 18
301 3371 350 3421 sq:
363 3358 436 3408 Talna
447 3375 470 3424 p.
483 3359 554 3417 224..
568 3377 627 3426 quae
639 3363 691 3413 loeo
703 3370 728 3413 nt
740 3363 786 3414 alia
799 3366 829 3415 el.
843 3365 961 3424 lllllllllll,
972 3363 1013 3423 el,
1026 3362 1060 3415 56
1071 3364 1170 3429 probant

216 3436 267 3471 enm
287 3430 312 3472 et
327 3424 444 3474 rhetorem
458 3427 569 3478 eiusmodi
588 3431 706 3480 orationes
722 3431 848 3482 studiosius
913 3432 1021 3489 stitisse,
1035 3431 1100 3482 lehn.
1115 3445 1167 3481 ann

216 3489 259 3538 vol.
273 3489 373 3549 Llllllll,
385 3489 447 3550 bb03
460 3492 537 3544 llertz.
551 3510 573 3558 p.
587 3495 654 3546 lllll'l
668 3512 713 3560 aq..
730 3498 805 3548 Lenis
818 3497 835 3556 1,
883 3536 888 3549 .
