2580 3954
301 211 397 254 44444
414 215 461 256 111.
490 215 560 260 414.
574 209 617 262 56.
649 196 689 274 [c.
708 197 742 261 Ο.
757 209 808 264 449
823 202 913 283 (448)]
1024 207 1085 270 179

129 359 300 424 crudelitate
321 368 436 423 vosmet
463 364 520 441 ipsi
545 367 635 428 armis
660 365 845 440 vindicastis,
866 387 921 430 nec
946 371 1034 431 istum
1049 369 1086 430 ad

8 451 9 456 ’
129 442 355 508 4414444441444
375 447 577 524 inpudentiam
592 450 623 510 14
645 449 830 512 defendendo
845 471 878 514 oe
900 453 1019 515 adicere
1032 471 1085 532 pa·

127 531 193 590 liar.
227 529 466 607 omnium-igitur
479 529 548 603 tibi,
571 533 646 612 Appi
662 532 778 606 Claudi,
800 551 875 614 quae
892 535 1085 616 implc'nela·
1103 544 1120 593 1

122 615 230 690 ricque
251 629 307 691 per
328 611 482 674 biennium
503 615 558 676 4114
581 635 672 695 super
695 616 752 678 alia
780 637 811 680 44
832 637 939 701 ausus,
963 622 1086 697 gratiam

8 767 9 770 Ἴ
125 697 219 758 144144
242 697 330 757 unius
343 703 457 758 tautum
473 699 605 761 criminis
620 702 677 761 nisi
691 701 822 764 iudicem
836 703 933 775 dices,
952 711 983 765 14
997 701 1033 764 ab
1049 701 1086 762 li·

124 779 239 842 bertate
259 781 292 839 ln
311 783 481 842 servitutem
499 791 600 844 cenna
621 783 702 862 leges
718 785 859 848 vindicias
880 805 941 848 non
959 787 1084 857 dedisse,

124 867 156 925 in
170 862 266 924 414414
280 869 309 925 14
322 863 390 924 (1441
412 863 553 927 iubebo.“
581 886 637 928 nec
659 871 690 928 14
713 867 874 930 tribunicio
896 870 1005 932 auxilio
1026 871 1119 948 dp-5

124 949 192 1027 pius
208 965 264 1008 nec
279 949 312 1007 14
328 947 437 1008 iudicio
452 949 556 1028 populi
578 950 668 1012 ullam
690 968 774 1031 spem
793 952 936 1015 habebat:
958 961 1086 1014 41144444

126 1038 156 1094 41
169 1030 304 1092 tribunos
315 1030 487 1110 appellavit,
505 1041 533 1094 et
548 1033 630 1095 nullo
642 1044 776 1096 morante
791 1045 958 1116 arreptusa
974 1037 1086 1098 4141444

125 1123 297 1194 ,,ρ444444“
316 1117 421 1192 inquit.
452 1117 549 1178 audita
569 1135 625 1178 vox
639 1136 713 1188 una,
736 1120 843 1181 vinum
866 1120 1025 1191 1114114114,
1049 1137 1086 1180 ex
1104 1136 1122 1187 4

126 1217 162 1262 eo
182 1200 271 1260 missa
300 1216 367 1269 ore,
394 1215 453 1276 quo
475 1201 623 1263 uindiciae
644 1219 742 1282 nuper
766 1202 802 1263 ab
830 1202 966 1266 libertate
990 1205 1086 1263 dicta-e
1204 1249 1208 1253 .

126 1290 224 1353 erant,
247 1281 396 1344 silentium
416 1283 497 1344 iecit.
529 1291 558 1345 et
577 1285 647 1345 dum
670 1303 725 1364 pro
747 1303 780 1348 se
795 1289 920 1365 quisque
935 1287 1007 1348 deos
1022 1292 1085 1346 144-
1104 1297 1120 1344 r

126 1367 193 1428 dem
212 1385 277 1428 esse
294 1373 324 1428 et
337 1383 398 1428 non
413 1366 572 1446 neglegere
585 1367 714 1429 humana
723 1369 868 1441 demunt,
885 1377 915 1435 41
928 1367 1086 1449 superbiae

126 1449 351 1529 unadelitatique
374 1452 428 1512 etsi
449 1469 531 1512 seras
553 1469 615 1513 non
633 1451 713 1514 laves
726 1459 826 1515 tamen
840 1455 943 1516 444144
955 1467 1085 1532 poenas:

125 1551 303 1615 provocare,
330 1535 381 1612 qui
403 1537 644 1614 provocationem
666 1535 848 1609 sustulisset,
876 1545 905 1599 et
933 1535 1121 1615 inplorares

125 1617 307 1704 praesidium
322 1617 439 1698 populi,
460 1620 512 1697 qui
526 1619 624 1680 omnia
638 1621 704 1682 iura
718 1619 821 1700 populi
836 1621 989 1691 obtrisset,
1007 1615 1087 1697 rapi·

126 1703 228 1782 quein
243 1701 341 1762 vincla
358 1707 492 1780 agentem
509 1705 574 1765 iure
589 1699 748 1774 libertatis,
767 1705 819 1781 qui
832 1703 961 1766 liberum
978 1719 1087 1780 corpus

125 1789 158 1847 in
175 1787 346 1848 servitutem
363 1785 536 1848 addixisset:
552 1787 645 1866 ipslns
662 1788 739 1866 Appi
752 1789 831 1848 inter
846 1789 991 1850 444114414
1006 1803 1087 1845 mnr-

125 1887 192 1941 mur
218 1870 308 1931 fidem
336 1868 440 1950 populi
463 1869 589 1931 Romani
621 1869 797 1948 inplorantis
819 1889 876 1931 vox
902 1868 1086 1931 audiebatur.

130 1956 272 2018 maiorum
288 1955 393 2015 merita
417 1953 449 2012 ln
469 1971 534 2014 rem
548 1952 698 2032 publicam
717 1954 797 2017 domi
811 1952 992 2031 militiaeque
1006 1969 1086 2012 com·
1104 1963 1121 2014 t

126 2035 325 2106 memorabam
340 2036 543 2108 444441414114Ι
557 2055 628 2116 erga
638 2035 760 2118 plebem
771 2037 934 2098 Romanam
948 2035 1086 2106 studium,

127 2139 185 2200 quo
212 2119 433 2198 aequandarum
459 2119 560 2198 legum
581 2139 669 2182 causa
692 2139 760 2184 oum
779 2122 906 2184 maxima
923 2121 1087 2182 4114441444

126 2212 244 2284 patrum
258 2203 414 2266 4444441414
428 2202 551 2273 abisset:
576 2222 644 2266 suas
658 2203 753 2284 leges,
778 2203 885 2283 qulbus
898 2201 1087 2285 manentibus

127 2287 204 2349 14144
219 2306 321 2350 earum
338 2289 369 2348 in
384 2286 479 2347 vincla
496 2287 628 2348 ducatur.
658 2295 791 2352 44144441
804 2305 857 2350 444
875 2287 997 2368 propria
1008 2285 1087 2346 bona
1107 2293 1138 2346 10

126 2371 276 2449 malaque,
301 2389 370 2432 cum
390 2387 495 2432 causae
516 2371 659 2434 dicendae
677 2372 743 2433 data
761 2370 884 2433 facultas
900 2373 951 2441 sit,
971 2377 1035 2430 tum
1054 2388 1087 2429 se

128 2463 336 2533 experturum:
352 2455 562 2533 inpraesentia
575 2473 608 2516 se
621 2456 770 2516 communi
783 2457 848 2516 iure
859 2455 984 2516 civitatis
995 2453 1087 2514 civem

127 2538 292 2598 Romanum
303 2539 350 2599 die
362 2539 438 2599 dicta
450 2536 617 2616 postulare,
628 2545 662 2598 41
671 2537 771 2601 dicere
782 2537 884 2607 liceat,
900 2542 933 2597 41
945 2535 1087 2596 iudicium

127 2620 231 2700 populi
244 2621 370 2682 Romani
388 2623 527 2701 expertri.
557 2623 671 2682 444114
687 2640 719 2683 44
734 2621 873 2681 invidiam
889 2619 1086 2699 pertimuisse,

127 2711 161 2766 ut
175 2703 249 2764 nihil
264 2706 457 2784 inaequitate
482 2711 511 2767 41
528 2704 731 2767 misericordia
753 2705 861 2765 civium
884 2719 1007 2766 suorum
1025 2702 1089 2779 spei

127 2787 243 2851 habeat.
276 2790 355 2867 quod
374 2791 400 2851 sl
418 2789 527 2853 indicta
551 2806 638 2851 causa
657 2790 689 2849 14
708 2786 804 2850 414414
817 2787 957 2857 ducatur,
981 2786 1088 2846 iterum
1107 2792 1137 2842 tt

129 2891 162 2933 sc
175 2871 311 2934 tribunos
324 2871 423 2951 plebel
438 2871 588 2952 appellare
604 2879 633 2934 et
642 2890 781 2944 monere,
797 2890 836 2933 ne
849 2872 1002 2934 imitentur
1014 2883 1088 2945 quos

130 2953 256 3016 oderint
287 2957 366 3034 quod
380 2959 406 3017 si
418 2957 531 3017 tribuni
546 2955 651 3017 eodem
670 2955 791 3019 loedere
807 2954 951 3033 obligatos
968 2952 1088 3016 441414-
1107 2959 1139 3010 12

130 3043 219 3098 antur
233 3037 379 3100 tollendae
397 3039 602 3120 appellationis
618 3057 723 3110 causa,
745 3041 779 3099 in
795 3055 884 3118 quam
902 3038 1089 3116 conspirasse

130 3121 314 3182 decemviros
337 3123 484 3184 criminati
506 3124 580 3194 sint,
602 3129 632 3183 at
655 3141 687 3184 se
703 3139 867 3201 provocare
881 3121 918 3184 ad
934 3117 1087 3199 populum

129 3201 282 3282 inplorare
300 3202 382 3282 leges
403 3205 439 3267 da
452 3207 661 3284 provocatione
681 3212 710 3266 et
726 3201 898 3267 consulares
920 3209 949 3265 et
961 3201 1088 3264 tribuni·

131 3287 207 3358 clas,
232 3305 268 3349 44
287 3289 354 3368 ipso
375 3305 453 3348 anno
477 3287 558 3350 14144.
588 3305 675 3368 quem
696 3290 775 3352 cuim
795 3295 1039 3370 provocaturum,
1062 3287 1140 3347 4114

130 3370 190 3432 hoc
209 3371 382 3434 indemnato
402 3371 513 3434 indicta
538 3389 625 3436 44444
645 3389 707 3433 444
728 3371 834 3434 licent
861 3373 909 3432 441
925 3369 1045 3449 plebeio
1060 3377 1090 3431 at

131 3451 236 3516 humill
249 3455 430 3534 praesidium
445 3455 477 3516 in
486 3453 603 3536 legibus
617 3455 698 3527 lore,
715 3457 741 3517 sl
755 3455 808 3535 Ap.
822 3453 942 3517 Claudio
957 3471 1018 3514 non
1032 3454 1087 3514 siti

873 3535 937 3604 12*
