2580 3954
235 163 296 232 186
408 162 502 219 adeun
519 177 566 218 111.
591 175 660 218 car.
677 167 720 222 63.
735 166 778 220 64·
804 156 845 235 [a.
861 177 891 216 u.
909 177 935 216 o.
951 156 1014 234 305]

198 340 218 393 a
233 324 349 408 proelio
362 325 455 388 virtus
465 324 686 401 magissniluib
711 323 817 386 oonnd
830 323 987 402 providere
998 322 1111 392 omnia,
1128 319 1197 383 ian·

235 411 307 472 dare
323 409 423 478 fortis,
442 409 599 485 increpare
619 405 854 484 sioubisognior
870 411 1072 485 pugnassent.
1106 407 1197 466 sasti-
1271 423 1272 426 ¹

235 495 294 570 gad
315 493 437 552 fortium
457 492 555 555 statim
575 493 716 556 uirorum¹
734 506 828 568 opera
846 488 990 557 edebant3
1016 493 1196 567 tantumque

200 587 222 654 4ι
234 577 289 638 hos
303 575 416 654 pudor,
432 581 574 651 quantum
586 573 658 638 alios
673 573 776 639 laudea
786 571 963 636 eaoilabanb
987 573 1195 649 redintegrato

171 665 172 668 ’
233 654 1195 735 clamoroundiqueomnesoonialhosldmarerlnnnneodeinde

233 743 365 804 Romana
377 741 423 804 ris
436 742 577 806 sustineri
591 740 696 819 poluin
727 738 830 804 Sabini
844 735 902 802 iusi
915 739 1026 817 passim
1035 755 1090 817 psr
1101 756 1194 816 agros

220 825 430 890 ‚ombabosti
450 824 648 902 adpraedam
672 822 853 901 relinquunt.
886 821 929 884 ibi
952 823 1192 893 nonsooiorunr,

233 909 310 973 siout
333 909 365 968 in
386 905 505 984 Algido,
533 907 654 970 rossad
679 923 749 968 suos
771 905 922 970 Romamn
947 903 1193 984 populationibus

233 1009 374 1070 agrorum
389 991 511 1052 ammam
524 991 638 1068 resipit„
820 1029 823 1034 ,
850 1023 864 1032 „

196 1085 216 1137 o
296 1074 419 1139 Gemina
437 1074 558 1136 viatoria
578 1072 693 1134 dnobus
708 1071 846 1136 bifariam
865 1071 987 1151 proeliis
1006 1077 1090 1150 paria
1105 1071 1193 1132 mali·

233 1175 292 1238 gns
310 1164 430 1220 senatus
449 1157 481 1218 in
501 1174 595 1220 namn
617 1157 696 1220 bam
716 1155 949 1234 suppnomonos
964 1154 1121 1217 consulum
1134 1173 1191 1217 no·

232 1243 314 1306 mine
329 1241 469 1304 daorevil.
500 1239 629 1320 populus
643 1241 763 1304 iniuassu
778 1245 810 1304 ol
823 1239 917 1304 altero
937 1239 985 1302 dia
999 1238 1141 1316 frequens
1156 1239 1193 1300 iit

232 1320 447 1404 supplicatum
468 1333 498 1386 et
517 1325 592 1387 bueo
611 1341 681 1401 vogn
702 1321 913 1402 popularisque
930 1321 1107 1402 suppboatio
1127 1329 1191 1384 slu-

195 1418 215 1470 o
233 1408 289 1470 diis
303 1425 398 1487 prope
413 1407 590 1470 celebratior
604 1407 668 1469 init.
701 1405 838 1471 eonsules
854 1425 890 1468 ex
904 1407 1070 1484 oomposilo
1085 1405 1190 1468 eodem
1271 1461 1272 1464 ,

231 1491 324 1553 biduo
345 1491 382 1550 od
400 1489 507 1551 urbem
527 1507 681 1553 aooosasre
700 1498 894 1568 senatumque
911 1491 944 1554 in
958 1490 1096 1552 Mallium
1109 1508 1191 1551 oam-
1271 1493 1272 1549 l

231 1592 304 1654 pum
318 1591 486 1637 svooavore
512 1571 565 1636 ubi
580 1590 650 1636 oum
669 1573 705 1634 do
727 1572 820 1638 robus
839 1573 875 1634 ab
898 1592 931 1638 ao
951 1575 1041 1652 ossus
1058 1581 1189 1652 agerent,

232 1659 330 1738 questi
343 1657 490 1736 primores
503 1664 623 1736 patrum
636 1662 770 1720 senatum
780 1658 859 1722 inter
867 1655 977 1722 militas
985 1657 1084 1720 offla
1096 1674 1190 1736 opera
1271 1669 1272 1742 l

196 1749 215 1798 a
231 1743 357 1804 terroris
372 1758 460 1804 nausa
476 1740 591 1804 baberi.
621 1741 721 1820 itaque
735 1740 805 1805 indo
822 1739 975 1811 ornandos,
998 1759 1040 1804 ne
1052 1742 1189 1802 crimina·

231 1823 406 1902 tiouiloous
421 1831 512 1896 esset,
527 1825 560 1885 in
574 1829 659 1902 prata
673 1823 828 1894 Flaminia,
844 1823 896 1888 ubi
908 1841 989 1888 nuno
1002 1825 1089 1887 aedes
1099 1824 1176 1903 Apol

231 1908 300 1972 linia
311 1916 357 1972 ast
368 1942 405 1954 -
419 1909 480 1972 iam
490 1915 553 1972 lum
564 1907 765 1986 Apollinarem
778 1905 967 1986 appellabant
979 1941 1014 1954 -
1030 1925 1188 1969 arooaroro
1271 1913 1272 1978 l

196 1999 376 2058 somatum.
416 1991 469 2054 ubi
486 2010 555 2054 oum
578 1993 692 2069 ingenti
717 2007 865 2056 consensa
888 1997 1007 2069 potrum
1031 1997 1189 2068 negaretur
1271 1991 1272 2064 ζ

231 2074 415 2154 triumphus,
430 2075 464 2136 L.
478 2075 578 2138 Ioiiius
591 2073 730 2137 tribunus
743 2073 840 2153 plebis
859 2074 927 2137 tulit
941 2075 979 2136 od
993 2075 1137 2154 populum
1153 2075 1189 2135 do

231 2157 382 2237 triumpho
406 2157 563 2220 oonsulum
583 2157 683 2220 multis
703 2159 868 2223 dissuasum
882 2157 1112 2237 prodeuntibus,
1127 2175 1188 2219 ma·
1271 2155 1272 2180 ³

231 2243 310 2303 xime
322 2242 353 2302 G.
369 2240 490 2303 Claudio
504 2241 698 2304 vociferante:
720 2241 757 2303 de
777 2241 911 2320 pannus
924 2257 987 2304 non
1000 2241 1037 2303 de
1054 2241 1189 2303 hostibus
1271 2239 1272 2286 l

195 2322 371 2388 aconsules
383 2323 569 2403 triumphare
583 2323 673 2396 valle,
689 2326 873 2404 gratiamque
886 2327 1067 2405 proprisam
1081 2326 1188 2386 merito
1271 2331 1272 2336 ’

231 2408 263 2468 in
282 2406 436 2471 lribunum
460 2425 522 2470 non
541 2426 598 2488 pro
622 2410 731 2472 virtulo
753 2409 899 2473 bonoram
920 2411 993 2489 pedi.
1026 2426 1187 2486 numquam
1271 2439 1272 2444 κ

232 2496 301 2554 anta
319 2491 355 2552 de
375 2491 526 2570 triumpho
547 2511 603 2571 per
622 2491 766 2571 populans
785 2499 898 2563 aslum,
919 2508 1038 2572 semper
1052 2493 1188 2557 aestima·

121 2607 122 2610 π
230 2576 343 2638 tionem
360 2575 574 2652 arbitriumque
596 2577 658 2637 eius
678 2576 803 2638 bonoria
821 2595 917 2655 panos
932 2583 1067 2640 amalum
1086 2576 1187 2636 fuisso.

99 2609 214 2729 X&Ab
230 2675 270 2722 ne
290 2675 376 2736 reges
397 2660 518 2734 quidem
538 2660 721 2722 maiestatem
740 2661 846 2722 summi
871 2661 983 2724 ordinis
1003 2661 1184 2722 inminuisse-

230 2759 268 2804 ua
283 2743 325 2802 ila
340 2743 439 2804 omnia
453 2741 566 2804 tribuni
579 2743 734 2821 potestatis
750 2758 821 2808 suae
837 2742 1000 2822 inplerent,
1023 2749 1057 2804 ut
1073 2742 1187 2804 nullum

231 2823 383 2903 publicum
399 2825 555 2888 eonsilium
569 2827 704 2889 sinerem
717 2845 790 2890 ossa.
816 2827 858 2888 ila
872 2827 991 2892 domum
1005 2825 1132 2889 liberam
1146 2827 1186 2886 oi·

229 2908 349 2969 ntalem
364 2907 445 2978 iore,
460 2909 502 2970 ila
513 2917 654 2988 aequatas
666 2908 764 2988 leges,
782 2911 875 2974 aiam
886 2913 1012 2990 quisque
1024 2911 1091 2971 iura
1102 2909 1185 2978 ordo,

182 3002 212 3054 ιι
230 3007 314 3051 suam
331 2991 515 3054 maiestatem
526 2999 635 3058 tenent.
664 2994 696 3057 in
717 2993 843 3058 eandem
859 2996 1034 3058 sententiam
1050 2992 1143 3055 mulla
1158 2998 1187 3055 et
1271 3015 1272 3068 l

231 3075 338 3136 celeris
350 3075 517 3138 senioribus
531 3083 650 3154 palrmn
666 3093 734 3139 oum
748 3084 847 3142 orsam
862 3077 956 3149 uota,
975 3095 1079 3140 ornnes
1092 3077 1186 3138 tribou

231 3175 296 3218 eam
315 3159 501 3236 rogationem
520 3167 709 3238 acceperunt.
744 3166 808 3224 lum
827 3163 957 3240 primum
974 3163 1040 3224 sina
1058 3161 1185 3223 anctori-
1271 3223 1272 3226 ,

229 3245 290 3300 tals
304 3248 423 3303 senaim
440 3242 543 3322 populi
556 3243 639 3308 iussu
653 3243 867 3322 triumphaturo
881 3251 934 3308 ost.

196 3327 211 3378 1
292 3322 387 3384 LXIV.
415 3325 495 3388 Haeo
514 3326 636 3390 notoria
655 3325 844 3392 tribunorum
863 3327 1019 3408 plebisque
1040 3345 1135 3408 propo
1155 3329 1185 3388 in

228 3401 307 3466 baud
321 3405 469 3472 salubrem
484 3408 632 3470 luxmiom
652 3412 739 3472 vertit
756 3413 977 3494 conspiratione
995 3413 1073 3474 inter
1091 3409 1185 3472 tribu·
1271 3397 1272 3474 ζ
