2548 3954
241 243 375 286 umber.
414 225 876 304 onr.14.15.[a.0.753·717]
944 313 947 320 .
1014 235 1053 292 17

101 389 235 452 obscuris
258 389 413 454 subsidere
434 393 465 451 in
486 393 600 454 insidiis
624 393 722 460 iussit;
745 411 812 454 cum
834 403 918 473 parte
942 397 1055 458 maiore

100 484 187 551 atque
202 476 283 534 omni
297 477 427 551 equitatu
444 475 603 552 proiectus,
625 476 654 536 id
668 477 747 553 quod
763 477 931 553 quaerebat,
947 479 1054 540 tumul·

98 569 183 619 tuoso
204 565 233 619 et
254 559 362 618 minaci
380 575 489 636 genere
509 577 626 638 pugnae
649 560 846 636 adequitando
868 563 941 639 ipsis
960 581 1054 642 prope

100 643 193 720 portis
208 640 322 702 bostem
339 643 453 702 excivit.
475 641 562 719 fugae
575 660 702 720 quoque,
720 661 795 721 quae
807 643 971 706 simulanda
982 655 1054 715 erat,

100 725 202 786 eadem
225 727 370 801 equestris
391 742 490 804 pugna
513 743 630 787 causam
654 728 751 787 minus
772 727 940 789 mirabilem
964 729 1053 790 dedit.

99 817 127 869 et
148 826 215 868 oum
230 806 308 868 velut
321 809 399 870 inter
413 825 530 886 pugnae
545 809 691 887 fugaeque
710 810 866 871 consilium
888 813 1054 891 trepidante
1071 826 1088 877 8

99 893 229 970 equitatu
248 891 340 968 pedes
362 908 479 969 quoque
501 891 629 970 referret
651 893 791 970 gradum,
814 893 910 972 plenis
931 904 1054 974 repente

97 977 192 1054 portis
213 975 297 1036 effusi
320 975 420 1036 hostes
440 974 556 1052 inpulsa
577 976 709 1037 Romana
733 977 796 1038 acie
813 979 908 1038 studio
926 981 1054 1041 instandi

97 1058 300 1136 sequendique
315 1058 473 1119 uoluuntur
490 1059 526 1120 ad
543 1058 642 1120 locum
659 1059 842 1122 insidiarum.
873 1063 942 1124 inde
957 1062 1053 1123 subito
1072 1069 1088 1118 9

98 1143 193 1204 exorti
211 1142 337 1204 Romani
359 1149 556 1204 transversam
570 1143 711 1204 invadunt
728 1143 855 1205 lrostitun
871 1146 980 1214 aciem;
1005 1147 1055 1206 ad·

97 1228 170 1288 dunt
191 1243 332 1304 pavorem
349 1233 427 1288 mota
443 1245 459 1288 e
482 1229 586 1288 castris
601 1229 685 1305 signa
698 1245 810 1297 eorum,
831 1230 882 1304 qui
897 1231 928 1288 in
942 1232 1055 1306 praesi-

97 1311 145 1371 dio
167 1307 265 1371 relicti
280 1310 411 1371 fuerant:
427 1312 466 1372 ita
483 1309 638 1389 multiplici
653 1317 770 1372 terrore
785 1311 914 1388 perculsi
930 1312 1054 1373 Fidena-

96 1401 140 1455 tes
162 1394 246 1471 prius
266 1411 361 1471 paene
386 1412 474 1472 quam
500 1393 643 1455 Romulus
664 1395 774 1472 quique
796 1411 863 1454 cum
887 1413 922 1456 eo
943 1398 1055 1473 equites

96 1484 181 1539 erant
197 1478 434 1556 circumagerent
447 1478 540 1539 irenis
557 1495 658 1556 equos,
677 1485 759 1556 terga
771 1485 888 1540 vertunt
903 1479 1054 1558 multoque

97 1561 232 1631 effusius,
255 1562 365 1640 quippe
385 1579 454 1624 vera
469 1562 547 1640 fuga,
563 1565 613 1639 qui
633 1561 804 1623 simulantes
818 1561 906 1640 paulo
923 1570 991 1625 ante
1007 1583 1052 1624 se·
1073 1566 1104 1618 10

96 1647 155 1707 cuti
177 1651 276 1714 erant,
296 1646 438 1724 oppidum
448 1633 639 1724 'repetebant
671 1653 846 1706 nontamen
863 1648 1001 1727 eripuere
1022 1666 1055 1708 se
1075 1653 1105 1705 ιι

95 1729 189 1790 hosti:
212 1728 341 1790 haerens
355 1731 387 1788 in
403 1736 487 1806 tergo
505 1729 655 1790 Romanus
670 1731 842 1808 priusquam
858 1730 938 1792 iores
955 1737 1054 1808 porta-

95 1831 161 1873 rurn
176 1811 367 1874 obicerentur
381 1811 460 1874 velut
476 1816 592 1890 agmine
607 1832 667 1874 uno
680 1815 832 1891 inrumpit.

155 1895 215 1956 XV.
260 1895 335 1957 Belli
371 1896 521 1958 Fidenatis
553 1899 728 1974 contagione
758 1898 870 1957 inritati
886 1891 1086 1958 Veientiuml

95 1981 185 2047 animi
202 1987 231 2040 et
246 1981 498 2058 consanguinitate
510 2015 544 2024 -
556 1998 623 2041 nam
639 1979 795 2042 Fidenates
807 1997 926 2057 quoque
937 1980 1053 2042 Etrusci

94 2064 214 2125 luerunt
232 2097 285 2134 -‚
302 2071 331 2124 et
355 2064 433 2141 quod
454 2065 519 2142 ipsa
541 2066 747 2144 propinquitas
768 2063 842 2134 loci,
875 2065 901 2125 si
922 2063 1053 2125 Romana

95 2166 176 2208 arma
196 2145 334 2208 omnibus
351 2148 457 2209 infesta
475 2148 607 2210 finitimis
620 2155 727 2217 essent,
743 2146 919 2219 stimulabat,
934 2149 965 2208 in
980 2149 1054 2210 fines

93 2231 244 2292 Romanos
265 2238 501 2292 excucurrerunt
520 2231 724 2311 populabundi
746 2233 839 2310 magis
871 2249 957 2309 quam
985 2233 1053 2294 iusti

94 2332 177 2375 more
200 2312 280 2374 belli.
327 2317 424 2392 itaque
446 2332 507 2375 non
537 2318 641 2376 castris
666 2317 784 2394 positis,
813 2333 873 2376 non
901 2315 1086 2393 expectato2

93 2399 222 2459 nostium
250 2399 381 2458 exercitu
416 2405 529 2476 raptam
560 2418 594 2460 ex
627 2400 706 2476 egris
737 2399 877 2476 praedam
902 2407 1053 2476 portantes

93 2482 182 2544 Veios
203 2480 330 2543 rediere.
367 2480 518 2543 Romanus
542 2490 660 2552 contra,
696 2489 851 2560 postquam
879 2481 994 2543 hostem
1021 2484 1053 2542 in

93 2567 172 2644 agris
193 2581 253 2623 non
273 2565 398 2634 invenit,
430 2565 611 2626 dimicationi
632 2565 752 2626 ultimae
772 2566 933 2625 instructus
956 2567 1052 2626 inten-

91 2658 199 2726 tusque
217 2646 350 2709 Tiberim
365 2651 477 2711 transit.
505 2667 592 2727 quem
612 2656 767 2728 postquam
784 2655 879 2709 castra
895 2663 1008 2726 ponere
1024 2657 1053 2710 et
1070 2645 1211 2696 3⁴·-

92 2732 129 2793 ad
144 2731 252 2792 urbem
269 2749 456 2794 accessurum
471 2733 606 2795 Veientes
624 2733 776 2801 audivere,
796 2731 911 2792 obviarn
930 2734 1050 2812 egressi,

92 2823 124 2878 ut
138 2816 238 2896 potius
256 2815 320 2877 acie
334 2816 537 2888 decernerent,
558 2834 644 2894 quam
661 2815 767 2878 inclusi
785 2816 821 2877 de
839 2817 923 2878 tectis
938 2819 1050 2877 moeni-

92 2897 209 2977 busque
230 2899 413 2960 dimicarent.
445 2898 488 2960 ibi
508 2899 620 2964 viribus
634 2900 714 2960 nulla
733 2907 795 2962 arte
815 2901 923 2961 adiutis
939 2903 1084 2961 tantuma

92 2985 224 3047 veterani
243 2982 353 3045 robore
375 2985 520 3045 exercitus
534 3002 586 3046 rex
603 2984 753 3046 Romanus
771 2985 847 3054 vicit,
863 2990 1050 3062 persecutus·

92 3084 150 3144 que
169 3066 251 3128 lusos
266 3068 302 3128 ad
318 3068 434 3128 moenia
449 3067 548 3130 hostes
566 3067 639 3129 tube
655 3067 748 3128 valida
763 3069 855 3127 muris
868 3085 902 3126 ae
917 3069 973 3127 situ
986 3068 1050 3144 ipso

91 3152 205 3212 munita
231 3149 386 3218 abstinuit;
409 3168 495 3230 agros
516 3152 634 3213 rediens
663 3157 755 3212 vastat
775 3150 936 3211 ulciscendi
958 3151 1050 3227 magis

91 3251 182 3312 quam
197 3234 327 3312 praedae
341 3235 447 3296 studio.
479 3252 572 3312 eaque
587 3233 670 3297 clade
685 3233 762 3294 haud
780 3234 877 3292 minus
895 3249 983 3310 quarn
999 3233 1049 3294 ad·
1068 3241 1085 3290 o

91 3335 177 3380 versa
192 3335 291 3396 pugna
307 3316 421 3380 subacti
434 3317 571 3381 Veientes
584 3337 687 3397 pacem
702 3319 826 3395 petitum
843 3322 976 3378 oratores
990 3315 1049 3378 Ro·

90 3419 171 3462 mam
193 3401 320 3462 mittunt.
358 3403 422 3480 agri
444 3408 525 3480 parte
548 3401 676 3462 multatis
697 3403 728 3461 in
751 3407 868 3462 centum
890 3417 983 3461 annos
1005 3402 1050 3459 in-

89 3485 191 3546 dutiae
209 3484 301 3546 datae.

124 3597 150 3632 τ.
165 3595 226 3632 ωτι
239 3597 307 3634 runs
321 3599 341 3634 1.
689 3632 693 3638 ,
877 3572 896 3630 2
