2548 3954
270 219 369 264 amen
385 220 406 261 1.
436 218 507 262 cer·
523 210 568 282 37.
583 212 626 266 38.
641 211 685 268 39.
717 202 757 280 [a
774 201 807 264 Ο.
823 203 951 282 diti-578]
1046 211 1085 272 41

130 367 235 450 spoliis
248 368 377 430 hostium
386 367 461 428 -id
472 375 571 430 votum
582 369 713 432 Vulcano
729 375 834 432 erat-
843 369 956 448 ingenti
969 370 1086 434 cumulo

131 453 264 516 accensis
286 453 385 530 pergit
403 469 495 530 porro
516 453 548 512 in
571 470 674 532 agrum
697 452 838 516 Sabinum
859 455 1020 516 exercitum
1039 458 1085 516 in·

131 538 256 605 ducere3
280 543 309 598 et
331 552 508 612 quamquam
519 533 596 598 male
611 544 709 616 gestae
726 555 775 599 res
794 543 892 607 erant,
917 554 973 598 nec
988 546 1085 616 gestu·
1107 547 1125 600 6

130 639 181 682 ros
197 619 303 682 melius
317 637 439 698 sperare
458 625 609 696 poterant,
631 629 744 692 tamen,
766 621 834 698 quia
851 619 1023 682 consulendi
1036 640 1085 684 res

129 721 191 765 non
208 702 296 765 dabat
307 703 442 780 spatium,
456 704 520 764 iere
531 703 647 766 obviam
659 705 761 766 Sabini
772 704 962 766 tumultuarIo
974 704 1083 774 milite:

130 789 297 864 iterumque
311 785 354 846 ibi
363 785 421 847 iusi
432 785 556 865 perditis
566 789 625 849 iam
636 806 732 869 prope
746 787 838 850 rebus
848 806 952 868 pacem
961 789 1083 868 petiere.

126 903 129 910 ·
214 868 365 930 XXXVIII.
398 869 518 931 Collatia
541 877 571 932 et
590 872 733 950 quidquid
755 873 829 934 citra
851 871 1002 934 Collatiam
1022 874 1120 950 egnit

130 963 194 1018 erat
211 951 329 1016 Sabinis
351 952 533 1033 ademptum,
552 953 677 1033 ligerius
693 991 728 1002 -
747 956 847 1018 iratris
865 955 915 1017 hic
930 955 1007 1018 Illius
1023 964 1086 1018 erat

129 1038 210 1116 regis
229 1070 264 1082 -
282 1035 421 1098 Collatiae
436 1038 468 1096 in
485 1038 633 1115 praesidio
649 1038 779 1100 relictus.
800 1038 973 1122 deditosque
990 1038 1084 1102 Colla-

130 1124 208 1184 tinos
218 1123 257 1181 ita
270 1120 383 1212 accipio
395 1137 519 1196 eamque
534 1121 691 1184 deditionis
707 1121 865 1184 formulam
879 1141 958 1184 esse:
970 1141 1023 1200 rex
1038 1125 1083 1184 in-
1102 1137 1119 1184 2
1208 1158 1212 1164 ·

128 1207 289 1284 terrogavit
309 1204 439 1275 „estisne
459 1221 511 1264 ros
530 1203 619 1283 legati
633 1213 825 1284 oratoresque
844 1206 927 1268 missi
941 1224 957 1266 a
973 1205 1083 1286 populo

131 1288 293 1359 Conlatino,
305 1295 338 1350 ut
347 1306 399 1348 ros
409 1286 612 1366 populumque
620 1289 805 1352 Conlatimm
817 1289 1003 1352 dederetisi“
1015 1309 1084 1360 „su-
1154 1287 1156 1292 '

130 1380 225 1434 mus“.
241 1379 344 1444 „estne
357 1369 485 1450 populus
499 1369 669 1434 Comacinus
683 1375 715 1434 in
726 1391 779 1434 sua
790 1379 935 1453 potestate
942 1373 973 1433 i“
988 1381 1083 1444 „est‘'·.

130 1456 295 1528 „deditisne
321 1473 371 1518 vos
398 1453 599 1534 populumque
632 1455 832 1528 Conlatinum,
866 1456 972 1519 urbem
997 1474 1083 1536 agros

129 1559 235 1620 aquam
265 1541 408 1602 terminos
434 1537 558 1600 delubra
583 1539 735 1612 utensilia,
771 1535 867 1602 (liuida
897 1541 1084 1618 humanaque

130 1625 228 1686 omnia
254 1626 286 1685 in
312 1641 408 1685 meam
433 1621 594 1702 populique
617 1623 743 1685 Romani
763 1625 950 1686 dicionemi“
981 1624 1083 1696 „dodi-

129 1717 225 1770 mus“.
260 1718 310 1779 „at
333 1725 388 1785 ego
409 1707 555 1786 recipio.“
580 1706 664 1769 Bello
690 1707 799 1770 Sabino
812 1709 945 1787 perlecto
959 1699 1118 1785 Tarqui-³

128 1793 196 1854 nius
213 1791 398 1870 triumphans
412 1789 537 1852 llomam
557 1791 643 1854 redit
675 1792 745 1855 inde
767 1792 877 1854 Priscis
894 1791 1005 1854 LatinIs
1020 1788 1117 1854 bel-⁴

129 1875 191 1936 lum
210 1875 288 1938 iecit.
324 1874 376 1936 ubi
398 1892 543 1952 nusquam
565 1875 601 1936 ad
625 1877 779 1941 universae
801 1877 847 1938 rei
868 1877 1085 1937 dimicationem

129 1967 248 2022 rentum
262 1967 322 2028 est;
338 1959 375 2020 ad
392 1957 507 2036 singula
524 1959 632 2037 oppIda
648 1959 883 2022 circumferendo
898 1977 979 2020 arma
996 1976 1085 2021 omne

129 2061 238 2106 nomen
253 2043 389 2104 Latinum
408 2042 528 2103 domuit.
560 2041 764 2108 Corniculum.
783 2041 901 2104 Ficulea
917 2050 1014 2114 vetus,
1032 2043 1083 2105 Ca·
1200 2098 1203 2101 .

129 2129 238 2198 meria,
269 2127 516 2195 Crustumerium,
543 2125 699 2197 Ameriola,
725 2125 872 2197 Medullia,
898 2126 1082 2198 Nomentum,

129 2210 203 2272 haec
232 2210 269 2271 de
295 2210 404 2271 Priscis
428 2209 539 2270 LatinIs
564 2217 613 2270 aut
640 2212 691 2287 qui
719 2211 756 2272 ad
781 2211 900 2273 Latinos
916 2209 1085 2272 deiecerant

101 2331 105 2336 ·
130 2301 213 2373 capta
228 2293 345 2372 oppida.
377 2311 434 2372 pax
450 2292 555 2356 deinde
572 2301 615 2354 est
630 2293 715 2355 sacta.

190 2377 301 2440 llaiore
315 2377 385 2438 inde
400 2379 497 2438 animo
515 2378 597 2455 pacIs
612 2395 702 2458 opera
719 2379 855 2440 inchoata
870 2396 958 2455 quam
974 2383 1081 2456 quanta
1102 2367 1118 2416 ⁶

129 2460 207 2523 mole
228 2467 361 2539 gesserat
380 2459 474 2531 bella,
497 2467 612 2522 utnon
635 2462 762 2538 quletior
789 2455 917 2542 populus
937 2460 1016 2522 domi
1040 2479 1085 2521 es-

129 2552 188 2615 set,
211 2562 299 2622 quam
319 2543 439 2606 militiae
462 2544 579 2605 fuisset:
605 2561 674 2605 nam
696 2553 725 2608 et
744 2563 831 2608 muro
848 2544 981 2622 lapideo,
1003 2534 1119 2604 cuius⁰

131 2628 284 2690 exordium
300 2629 400 2707 operte
416 2626 525 2690 Sabino
540 2625 620 2689 bello
636 2627 786 2690 turbatum
802 2635 878 2699 erat,
895 2626 1009 2698 urbem,
1028 2643 1085 2704 qua

129 2711 262 2773 nondum
283 2713 445 2782 munierat,
468 2711 587 2789 cingere
607 2719 708 2790 parat3
736 2718 765 2773 et
789 2713 888 2774 intima
912 2709 996 2774 turbis
1020 2709 1085 2771 loca

130 2797 209 2856 circa
231 2795 329 2856 idrum
353 2794 483 2872 aliasque
500 2796 669 2856 interiectas
691 2793 817 2857 collibus
835 2793 996 2866 convalles,
1018 2794 1085 2872 quia

130 2897 166 2940 ex
188 2877 284 2956 planis
306 2877 380 2938 locis
395 2876 474 2938 haud
496 2875 583 2938 laelle
598 2877 762 2940 evehebant
782 2895 888 2956 aquas,
912 2879 1020 2940 cloacis
1042 2877 1084 2938 la·

129 2963 215 3039 stigio
238 2963 270 3022 in
293 2960 426 3022 Tiberim
449 2961 544 3022 ductis
566 2963 671 3030 siccat;
694 2969 723 3023 et
747 2961 904 3024 areamad
928 2961 1031 3024 aedem
1053 2954 1119 3019 in⁷

130 3043 274 3122 Capitolio
294 3043 384 3114 lovis,
411 3061 499 3121 quam
514 3050 633 3104 voverat
652 3043 732 3104 bello
748 3044 874 3114 Sabino,
894 3047 954 3104 iam
967 3061 1085 3123 praesa·
1191 3069 1199 3082 ·

129 3129 228 3204 giente
256 3129 355 3188 animo
379 3127 509 3188 futuram
534 3125 605 3186 olim
631 3126 854 3206 amplitudinem
878 3125 938 3187 loci
963 3131 1086 3204 occupat

123 3209 337 3272 ›fundamentis

191 3293 319 3356 XXXIX.
342 3293 385 3355 lio
401 3301 535 3374 tempora
552 3295 583 3356 in
598 3295 680 3373 regia
697 3292 866 3372 prodigium
875 3295 978 3364 risum,
998 3309 1084 3353 even·
1104 3294 1117 3346 1

130 3386 221 3456 tuque
241 3376 379 3444 mirahils
403 3378 472 3440 luit:
493 3396 587 3456 puero
608 3377 781 3448 dormienti,
805 3379 852 3437 cui
874 3374 1085 3440 Senserunt>

131 3461 187 3522 tuit
202 3479 329 3532 nomen,
354 3469 442 3541 caput
456 3463 563 3532 arsisse
584 3462 684 3523 ierunt
697 3459 857 3522 multorum
870 3464 900 3522 in
916 3465 1084 3540 conspectu.
