<?xml version="1.0" encoding="UTF-8"?>
<!DOCTYPE html PUBLIC "-//W3C//DTD XHTML 1.0 Transitional//EN"
    "http://www.w3.org/TR/xhtml1/DTD/xhtml1-transitional.dtd">
<html xmlns="http://www.w3.org/1999/xhtml" xml:lang="en" lang="en">
 <head>
  <title>
</title>
<meta http-equiv="Content-Type" content="text/html;charset=utf-8" />
  <meta name='ocr-system' content='tesseract 3.04.00' />
  <meta name='ocr-capabilities' content='ocr_page ocr_carea ocr_par ocr_line ocrx_word'/>
</head>
<body>
  <div class='ocr_page' id='page_1' title='image "./aburbeconditali01rossgoog_0032.png"; bbox 0 0 2522 3954; ppageno 0'>
   <div class='ocr_carea' id='block_1_1' title="bbox 200 189 969 272">
    <p class='ocr_par' dir='ltr' id='par_1_1' title="bbox 200 189 969 272">
     <span class='ocr_line' id='line_1_1' title="bbox 200 189 969 272; baseline -0.007 0"><span class='ocrx_word' id='word_1_1' title='bbox 200 223 284 272; x_wconf 83' lang='lat' dir='ltr'><strong>xxvi</strong></span> <span class='ocrx_word' id='word_1_2' title='bbox 370 221 418 270; x_wconf 83' lang='lat' dir='ltr'><strong>nn</strong></span> <span class='ocrx_word' id='word_1_3' title='bbox 439 219 512 268; x_wconf 85' lang='grc'><strong>7777</strong></span> <span class='ocrx_word' id='word_1_4' title='bbox 534 219 619 268; x_wconf 82' lang='lat' dir='ltr'><strong>mvn</strong></span> <span class='ocrx_word' id='word_1_5' title='bbox 641 219 724 268; x_wconf 79' lang='grc'><strong>7777</strong></span> <span class='ocrx_word' id='word_1_6' title='bbox 744 219 789 266; x_wconf 85' lang='lat' dir='ltr'><strong>nr</strong></span> <span class='ocrx_word' id='word_1_7' title='bbox 805 189 969 268; x_wconf 83' lang='grc'><strong>77777777.</strong></span> 
     </span>
    </p>
   </div>
   <div class='ocr_carea' id='block_1_2' title="bbox 198 377 1161 536">
    <p class='ocr_par' dir='ltr' id='par_1_2' title="bbox 198 377 1161 536">
     <span class='ocr_line' id='line_1_2' title="bbox 198 377 1160 456; baseline -0.006 -16"><span class='ocrx_word' id='word_1_8' title='bbox 198 382 241 441; x_wconf 86' lang='lat' dir='ltr'><strong>dei</strong></span> <span class='ocrx_word' id='word_1_9' title='bbox 258 380 365 438; x_wconf 89' lang='lat' dir='ltr'><strong>nomina</strong></span> <span class='ocrx_word' id='word_1_10' title='bbox 381 388 453 444; x_wconf 87' lang='lat' dir='ltr'><strong>sunt,</strong></span> <span class='ocrx_word' id='word_1_11' title='bbox 467 379 538 436; x_wconf 85' lang='lat' dir='ltr'><strong>varie</strong></span> <span class='ocrx_word' id='word_1_12' title='bbox 549 377 651 436; x_wconf 90' lang='lat' dir='ltr'><strong>utentis</strong></span> <span class='ocrx_word' id='word_1_13' title='bbox 665 395 714 456; x_wconf 83' lang='lat' dir='ltr'><strong>sua</strong></span> <span class='ocrx_word' id='word_1_14' title='bbox 722 385 887 453; x_wconf 82' lang='lat' dir='ltr'><strong>potestate,⁴‘</strong></span> <span class='ocrx_word' id='word_1_15' title='bbox 902 377 993 435; x_wconf 82' lang='lat' dir='ltr'><strong>etllat.</strong></span> <span class='ocrx_word' id='word_1_16' title='bbox 1009 388 1114 454; x_wconf 83' lang='lat' dir='ltr'><strong>quaeat.</strong></span> <span class='ocrx_word' id='word_1_17' title='bbox 1128 379 1160 442; x_wconf 95' lang='lat' dir='ltr'><strong>ll,</strong></span> 
     </span>
     <span class='ocr_line' id='line_1_3' title="bbox 199 461 1161 536; baseline -0.006 -10"><span class='ocrx_word' id='word_1_18' title='bbox 199 473 241 529; x_wconf 79' lang='lat'><strong>45,</strong></span> <span class='ocrx_word' id='word_1_19' title='bbox 260 473 295 523; x_wconf 78' lang='grc'><strong>77</strong></span> <span class='ocrx_word' id='word_1_20' title='bbox 317 465 375 528; x_wconf 81' lang='lat' dir='ltr'><strong>„vis</strong></span> <span class='ocrx_word' id='word_1_21' title='bbox 390 462 468 521; x_wconf 90' lang='lat' dir='ltr'><strong>illum</strong></span> <span class='ocrx_word' id='word_1_22' title='bbox 485 463 570 520; x_wconf 84' lang='lat' dir='ltr'><strong>satum</strong></span> <span class='ocrx_word' id='word_1_23' title='bbox 584 478 695 519; x_wconf 86' lang='lat' dir='ltr'><strong>vocare:</strong></span> <span class='ocrx_word' id='word_1_24' title='bbox 718 479 773 518; x_wconf 88' lang='lat' dir='ltr'><strong>non</strong></span> <span class='ocrx_word' id='word_1_25' title='bbox 788 461 901 518; x_wconf 77' lang='lat' dir='ltr'><strong>errabis.</strong></span> <span class='ocrx_word' id='word_1_26' title='bbox 916 462 960 518; x_wconf 89' lang='lat' dir='ltr'><strong>hic</strong></span> <span class='ocrx_word' id='word_1_27' title='bbox 978 471 1037 527; x_wconf 87' lang='grc'><strong>777,</strong></span> <span class='ocrx_word' id='word_1_28' title='bbox 1052 479 1085 520; x_wconf 78' lang='lat' dir='ltr'><strong>eu</strong></span> <span class='ocrx_word' id='word_1_29' title='bbox 1104 480 1161 536; x_wconf 94' lang='lat' dir='ltr'><strong>quo</strong></span> 
     </span>
    </p>
   </div>
   <div class='ocr_carea' id='block_1_3' title="bbox 199 544 1257 623">
    <p class='ocr_par' dir='ltr' id='par_1_3' title="bbox 199 544 1257 623">
     <span class='ocr_line' id='line_1_4' title="bbox 199 544 1257 623; baseline -0.004 -17"><span class='ocrx_word' id='word_1_30' title='bbox 199 565 331 623; x_wconf 83' lang='lat' dir='ltr'><strong>suspensa</strong></span> <span class='ocrx_word' id='word_1_31' title='bbox 351 555 416 606; x_wconf 86' lang='lat' dir='ltr'><strong>sunt</strong></span> <span class='ocrx_word' id='word_1_32' title='bbox 432 547 534 610; x_wconf 90' lang='lat' dir='ltr'><strong>omnia,</strong></span> <span class='ocrx_word' id='word_1_33' title='bbox 550 562 631 603; x_wconf 87' lang='lat' dir='ltr'><strong>causa</strong></span> <span class='ocrx_word' id='word_1_34' title='bbox 647 562 797 604; x_wconf 84' lang='lat' dir='ltr'><strong>causarum.</strong></span> <span class='ocrx_word' id='word_1_35' title='bbox 815 547 855 602; x_wconf 86' lang='lat' dir='ltr'><strong>vis</strong></span> <span class='ocrx_word' id='word_1_36' title='bbox 870 544 946 602; x_wconf 88' lang='lat' dir='ltr'><strong>illum</strong></span> <span class='ocrx_word' id='word_1_37' title='bbox 961 546 1161 620; x_wconf 84' lang='lat' dir='ltr'><strong>prouidentiam</strong></span> <span class='ocrx_word' id='word_1_38' title='bbox 1256 567 1257 592; x_wconf 75' lang='lat'>1</span> 
     </span>
    </p>
   </div>
   <div class='ocr_carea' id='block_1_4' title="bbox 164 627 1257 3550">
    <p class='ocr_par' dir='ltr' id='par_1_4' title="bbox 164 627 1257 3550">
     <span class='ocr_line' id='line_1_5' title="bbox 197 627 1257 706; baseline -0.005 -16"><span class='ocrx_word' id='word_1_39' title='bbox 197 634 302 690; x_wconf 78' lang='lat' dir='ltr'><strong>dicere:</strong></span> <span class='ocrx_word' id='word_1_40' title='bbox 320 639 394 689; x_wconf 84' lang='lat' dir='ltr'><strong>recte</strong></span> <span class='ocrx_word' id='word_1_41' title='bbox 408 631 500 688; x_wconf 84' lang='lat' dir='ltr'><strong>dioes··</strong></span> <span class='ocrx_word' id='word_1_42' title='bbox 516 639 576 693; x_wconf 84' lang='lat' dir='ltr'><strong>etc,</strong></span> <span class='ocrx_word' id='word_1_43' title='bbox 593 630 627 686; x_wconf 89' lang='grc'><strong>77.</strong></span> <span class='ocrx_word' id='word_1_44' title='bbox 651 629 703 686; x_wconf 85' lang='lat' dir='ltr'><strong>Cic.</strong></span> <span class='ocrx_word' id='word_1_45' title='bbox 718 629 772 686; x_wconf 84' lang='lat' dir='ltr'><strong>biv.</strong></span> <span class='ocrx_word' id='word_1_46' title='bbox 789 629 819 692; x_wconf 96' lang='grc'><strong>11,</strong></span> <span class='ocrx_word' id='word_1_47' title='bbox 835 635 860 692; x_wconf 86' lang='grc'><strong>6,</strong></span> <span class='ocrx_word' id='word_1_48' title='bbox 878 638 919 692; x_wconf 92' lang='grc'><strong>15,</strong></span> <span class='ocrx_word' id='word_1_49' title='bbox 936 628 1014 688; x_wconf 82' lang='lat' dir='ltr'><strong>facile</strong></span> <span class='ocrx_word' id='word_1_50' title='bbox 1028 629 1162 703; x_wconf 86' lang='lat' dir='ltr'><strong>intelligi·</strong></span> <span class='ocrx_word' id='word_1_51' title='bbox 1256 627 1257 706; x_wconf 62' lang='lat' dir='ltr'><strong>f</strong></span> 
     </span>
     <span class='ocr_line' id='line_1_6' title="bbox 199 712 1161 789; baseline -0.006 -14"><span class='ocrx_word' id='word_1_52' title='bbox 199 728 252 780; x_wconf 87' lang='lat' dir='ltr'><strong>tur,</strong></span> <span class='ocrx_word' id='word_1_53' title='bbox 268 715 404 789; x_wconf 91' lang='lat' dir='ltr'><strong>quomodo</strong></span> <span class='ocrx_word' id='word_1_54' title='bbox 418 714 517 771; x_wconf 84' lang='lat' dir='ltr'><strong>lactum</strong></span> <span class='ocrx_word' id='word_1_55' title='bbox 533 712 582 777; x_wconf 85' lang='lat' dir='ltr'><strong>sit,</strong></span> <span class='ocrx_word' id='word_1_56' title='bbox 601 721 633 770; x_wconf 93' lang='lat' dir='ltr'><strong>ut</strong></span> <span class='ocrx_word' id='word_1_57' title='bbox 646 714 756 770; x_wconf 91' lang='lat' dir='ltr'><strong>eandem</strong></span> <span class='ocrx_word' id='word_1_58' title='bbox 771 713 844 768; x_wconf 90' lang='lat' dir='ltr'><strong>illam</strong></span> <span class='ocrx_word' id='word_1_59' title='bbox 856 713 922 776; x_wconf 83' lang='grc'><strong>7777,</strong></span> <span class='ocrx_word' id='word_1_60' title='bbox 939 729 1008 787; x_wconf 89' lang='lat' dir='ltr'><strong>quae</strong></span> <span class='ocrx_word' id='word_1_61' title='bbox 1030 712 1161 776; x_wconf 83' lang='lat' dir='ltr'><strong>efficeret,</strong></span> 
     </span>
     <span class='ocr_line' id='line_1_7' title="bbox 199 796 1161 872; baseline -0.003 -14"><span class='ocrx_word' id='word_1_62' title='bbox 199 812 229 858; x_wconf 92' lang='lat' dir='ltr'><strong>ut</strong></span> <span class='ocrx_word' id='word_1_63' title='bbox 244 800 314 856; x_wconf 91' lang='lat' dir='ltr'><strong>baud</strong></span> <span class='ocrx_word' id='word_1_64' title='bbox 329 815 391 854; x_wconf 89' lang='lat' dir='ltr'><strong>raro</strong></span> <span class='ocrx_word' id='word_1_65' title='bbox 406 797 486 872; x_wconf 89' lang='lat' dir='ltr'><strong>plane</strong></span> <span class='ocrx_word' id='word_1_66' title='bbox 503 796 555 854; x_wconf 86' lang='lat' dir='ltr'><strong>alia</strong></span> <span class='ocrx_word' id='word_1_67' title='bbox 569 797 707 854; x_wconf 80' lang='lat' dir='ltr'><strong>euenirent</strong></span> <span class='ocrx_word' id='word_1_68' title='bbox 720 805 802 870; x_wconf 86' lang='lat' dir='ltr'><strong>atque</strong></span> <span class='ocrx_word' id='word_1_69' title='bbox 815 797 937 854; x_wconf 84' lang='lat' dir='ltr'><strong>homines</strong></span> <span class='ocrx_word' id='word_1_70' title='bbox 947 805 1000 854; x_wconf 79' lang='lat' dir='ltr'><strong>&#39;aut</strong></span> <span class='ocrx_word' id='word_1_71' title='bbox 1014 796 1161 856; x_wconf 75' lang='lat' dir='ltr'><strong>voluerunt</strong></span> 
     </span>
     <span class='ocr_line' id='line_1_8' title="bbox 198 880 1148 956; baseline -0.002 -15"><span class='ocrx_word' id='word_1_72' title='bbox 198 891 245 942; x_wconf 89' lang='grc'><strong>771</strong></span> <span class='ocrx_word' id='word_1_73' title='bbox 264 889 454 956; x_wconf 73' lang='lat' dir='ltr'><strong>expecierunt,</strong></span> <span class='ocrx_word' id='word_1_74' title='bbox 471 881 609 938; x_wconf 77' lang='lat' dir='ltr'><strong>fortunam</strong></span> <span class='ocrx_word' id='word_1_75' title='bbox 624 881 704 938; x_wconf 88' lang='lat' dir='ltr'><strong>etiam</strong></span> <span class='ocrx_word' id='word_1_76' title='bbox 720 880 883 955; x_wconf 88' lang='lat' dir='ltr'><strong>appellaret,</strong></span> <span class='ocrx_word' id='word_1_77' title='bbox 901 881 957 937; x_wconf 89' lang='lat' dir='ltr'><strong>sive</strong></span> <span class='ocrx_word' id='word_1_78' title='bbox 972 898 1071 946; x_wconf 88' lang='lat' dir='ltr'><strong>casum,</strong></span> <span class='ocrx_word' id='word_1_79' title='bbox 1088 897 1148 939; x_wconf 82' lang='lat' dir='ltr'><strong>eam</strong></span> 
     </span>
     <span class='ocr_line' id='line_1_9' title="bbox 200 964 1162 1042; baseline -0.001 -19"><span class='ocrx_word' id='word_1_80' title='bbox 200 985 251 1042; x_wconf 90' lang='lat' dir='ltr'><strong>que</strong></span> <span class='ocrx_word' id='word_1_81' title='bbox 270 966 331 1041; x_wconf 94' lang='lat' dir='ltr'><strong>plus</strong></span> <span class='ocrx_word' id='word_1_82' title='bbox 354 965 458 1040; x_wconf 90' lang='lat' dir='ltr'><strong>pollere</strong></span> <span class='ocrx_word' id='word_1_83' title='bbox 478 965 599 1022; x_wconf 87' lang='lat' dir='ltr'><strong>consiliis</strong></span> <span class='ocrx_word' id='word_1_84' title='bbox 619 964 742 1022; x_wconf 88' lang='lat' dir='ltr'><strong>humanis</strong></span> <span class='ocrx_word' id='word_1_85' title='bbox 757 964 841 1027; x_wconf 84' lang='lat' dir='ltr'>XLIV,</span> <span class='ocrx_word' id='word_1_86' title='bbox 858 971 900 1027; x_wconf 80' lang='lat'><strong>40,</strong></span> <span class='ocrx_word' id='word_1_87' title='bbox 918 973 947 1028; x_wconf 86' lang='grc'><strong>3,</strong></span> <span class='ocrx_word' id='word_1_88' title='bbox 964 973 992 1022; x_wconf 89' lang='grc'><strong>77</strong></span> <span class='ocrx_word' id='word_1_89' title='bbox 1005 982 1055 1040; x_wconf 89' lang='lat' dir='ltr'><strong>per</strong></span> <span class='ocrx_word' id='word_1_90' title='bbox 1071 967 1162 1022; x_wconf 77' lang='lat' dir='ltr'><strong>omnia</strong></span> 
     </span>
     <span class='ocr_line' id='line_1_10' title="bbox 199 1048 1160 1123; baseline -0.002 -15"><span class='ocrx_word' id='word_1_91' title='bbox 199 1053 314 1108; x_wconf 86' lang='lat' dir='ltr'><strong>humana</strong></span> <span class='ocrx_word' id='word_1_92' title='bbox 343 1065 404 1106; x_wconf 90' lang='lat' dir='ltr'><strong>esse</strong></span> <span class='ocrx_word' id='word_1_93' title='bbox 435 1056 575 1123; x_wconf 87' lang='lat' dir='ltr'><strong>potentem</strong></span> <span class='ocrx_word' id='word_1_94' title='bbox 597 1048 766 1112; x_wconf 86' lang='grc'><strong>171,17,3,</strong></span> <span class='ocrx_word' id='word_1_95' title='bbox 791 1057 819 1105; x_wconf 93' lang='grc'><strong>77</strong></span> <span class='ocrx_word' id='word_1_96' title='bbox 849 1048 972 1119; x_wconf 84' lang='lat' dir='ltr'><strong>homines</strong></span> <span class='ocrx_word' id='word_1_97' title='bbox 1005 1049 1160 1114; x_wconf 76' lang='lat' dir='ltr'><strong>obcaecare,</strong></span> 
     </span>
     <span class='ocr_line' id='line_1_11' title="bbox 199 1131 1160 1209; baseline -0.002 -17"><span class='ocrx_word' id='word_1_98' title='bbox 199 1151 269 1209; x_wconf 82' lang='lat' dir='ltr'><strong>quos</strong></span> <span class='ocrx_word' id='word_1_99' title='bbox 288 1133 402 1208; x_wconf 85' lang='lat' dir='ltr'><strong>perdere</strong></span> <span class='ocrx_word' id='word_1_100' title='bbox 423 1131 606 1196; x_wconf 71' lang='grc'><strong>7711771737,</strong></span> <span class='ocrx_word' id='word_1_101' title='bbox 623 1141 652 1195; x_wconf 91' lang='lat' dir='ltr'><strong>l,</strong></span> <span class='ocrx_word' id='word_1_102' title='bbox 671 1133 719 1189; x_wconf 88' lang='lat' dir='ltr'><strong>sed</strong></span> <span class='ocrx_word' id='word_1_103' title='bbox 744 1133 855 1189; x_wconf 92' lang='lat' dir='ltr'><strong>eandem</strong></span> <span class='ocrx_word' id='word_1_104' title='bbox 874 1132 1004 1190; x_wconf 88' lang='lat' dir='ltr'><strong>virtutem</strong></span> <span class='ocrx_word' id='word_1_105' title='bbox 1024 1133 1160 1196; x_wconf 86' lang='lat' dir='ltr'><strong>adiuvare,</strong></span> 
     </span>
     <span class='ocr_line' id='line_1_12' title="bbox 199 1215 1161 1289; baseline -0.002 -14"><span class='ocrx_word' id='word_1_106' title='bbox 199 1220 233 1281; x_wconf 93' lang='lat' dir='ltr'><strong>X,</strong></span> <span class='ocrx_word' id='word_1_107' title='bbox 248 1224 295 1281; x_wconf 88' lang='grc'><strong>36,</strong></span> <span class='ocrx_word' id='word_1_108' title='bbox 311 1223 346 1282; x_wconf 85' lang='grc'><strong>9;</strong></span> <span class='ocrx_word' id='word_1_109' title='bbox 361 1215 402 1279; x_wconf 81' lang='grc'><strong>17.</strong></span> <span class='ocrx_word' id='word_1_110' title='bbox 418 1222 466 1279; x_wconf 86' lang='grc'><strong>37,</strong></span> <span class='ocrx_word' id='word_1_111' title='bbox 484 1222 500 1276; x_wconf 95' lang='grc'><strong>7</strong></span> <span class='ocrx_word' id='word_1_112' title='bbox 516 1215 560 1272; x_wconf 87' lang='grc'><strong>711.</strong></span> <span class='ocrx_word' id='word_1_113' title='bbox 579 1217 698 1279; x_wconf 84' lang='grc'><strong>71777777,</strong></span> <span class='ocrx_word' id='word_1_114' title='bbox 714 1232 802 1289; x_wconf 88' lang='lat' dir='ltr'><strong>neque</strong></span> <span class='ocrx_word' id='word_1_115' title='bbox 816 1215 917 1289; x_wconf 89' lang='lat' dir='ltr'><strong>ubique</strong></span> <span class='ocrx_word' id='word_1_116' title='bbox 940 1217 1055 1274; x_wconf 75' lang='lat' dir='ltr'><strong>lateam</strong></span> <span class='ocrx_word' id='word_1_117' title='bbox 1072 1217 1161 1273; x_wconf 84' lang='lat' dir='ltr'><strong>sortu-</strong></span> 
     </span>
     <span class='ocr_line' id='line_1_13' title="bbox 198 1298 1159 1372; baseline -0.003 -13"><span class='ocrx_word' id='word_1_118' title='bbox 198 1319 259 1360; x_wconf 91' lang='lat' dir='ltr'><strong>nam</strong></span> <span class='ocrx_word' id='word_1_119' title='bbox 277 1300 364 1358; x_wconf 84' lang='lat' dir='ltr'><strong>odeis</strong></span> <span class='ocrx_word' id='word_1_120' title='bbox 380 1307 504 1358; x_wconf 85' lang='lat' dir='ltr'><strong>accurate</strong></span> <span class='ocrx_word' id='word_1_121' title='bbox 520 1299 709 1372; x_wconf 80' lang='lat' dir='ltr'><strong>distingueret,</strong></span> <span class='ocrx_word' id='word_1_122' title='bbox 721 1317 745 1355; x_wconf 86' lang='lat' dir='ltr'><strong>v.</strong></span> <span class='ocrx_word' id='word_1_123' title='bbox 761 1298 790 1362; x_wconf 80' lang='lat' dir='ltr'><strong>V,</strong></span> <span class='ocrx_word' id='word_1_124' title='bbox 809 1308 850 1362; x_wconf 90' lang='lat' dir='ltr'><strong>ll,</strong></span> <span class='ocrx_word' id='word_1_125' title='bbox 867 1305 914 1358; x_wconf 84' lang='lat'><strong>14:</strong></span> <span class='ocrx_word' id='word_1_126' title='bbox 932 1315 1006 1362; x_wconf 87' lang='lat' dir='ltr'><strong>„non</strong></span> <span class='ocrx_word' id='word_1_127' title='bbox 1021 1301 1159 1358; x_wconf 83' lang='lat' dir='ltr'><strong>fortunam</strong></span> 
     </span>
     <span class='ocr_line' id='line_1_14' title="bbox 198 1383 1160 1458; baseline -0.003 -15"><span class='ocrx_word' id='word_1_128' title='bbox 198 1395 245 1443; x_wconf 87' lang='lat' dir='ltr'><strong>aut</strong></span> <span class='ocrx_word' id='word_1_129' title='bbox 261 1400 421 1458; x_wconf 86' lang='lat' dir='ltr'><strong>quemquam</strong></span> <span class='ocrx_word' id='word_1_130' title='bbox 435 1384 582 1447; x_wconf 87' lang='lat' dir='ltr'><strong>deorum;“</strong></span> <span class='ocrx_word' id='word_1_131' title='bbox 601 1384 637 1439; x_wconf 91' lang='lat' dir='ltr'><strong>ib.</strong></span> <span class='ocrx_word' id='word_1_132' title='bbox 654 1390 695 1446; x_wconf 84' lang='lat'><strong>16,</strong></span> <span class='ocrx_word' id='word_1_133' title='bbox 711 1389 741 1443; x_wconf 81' lang='lat'><strong>8:</strong></span> <span class='ocrx_word' id='word_1_134' title='bbox 761 1383 1160 1458; x_wconf 77' lang='grc'><strong>,17777777777777177777,“</strong></span> 
     </span>
     <span class='ocr_line' id='line_1_15' title="bbox 198 1465 1160 1531; baseline 0.003 -6"><span class='ocrx_word' id='word_1_135' title='bbox 198 1471 233 1527; x_wconf 83' lang='lat' dir='ltr'><strong>ol.</strong></span> <span class='ocrx_word' id='word_1_136' title='bbox 252 1466 570 1530; x_wconf 79' lang='grc'><strong>71).37.7;11,74,17;</strong></span> <span class='ocrx_word' id='word_1_137' title='bbox 594 1465 645 1527; x_wconf 88' lang='lat' dir='ltr'><strong>Vll,</strong></span> <span class='ocrx_word' id='word_1_138' title='bbox 662 1472 703 1528; x_wconf 82' lang='lat'><strong>34.</strong></span> <span class='ocrx_word' id='word_1_139' title='bbox 720 1473 748 1530; x_wconf 79' lang='lat'><strong>6:</strong></span> <span class='ocrx_word' id='word_1_140' title='bbox 766 1465 806 1528; x_wconf 86' lang='lat' dir='ltr'><strong>Vl,</strong></span> <span class='ocrx_word' id='word_1_141' title='bbox 824 1466 1054 1531; x_wconf 83' lang='grc'><strong>9.3;17,45.1;</strong></span> <span class='ocrx_word' id='word_1_142' title='bbox 1071 1467 1100 1530; x_wconf 92' lang='lat' dir='ltr'><strong>X,</strong></span> <span class='ocrx_word' id='word_1_143' title='bbox 1117 1477 1160 1530; x_wconf 87' lang='lat'><strong>13,</strong></span> 
     </span>
     <span class='ocr_line' id='line_1_16' title="bbox 199 1549 1160 1624; baseline 0 -16"><span class='ocrx_word' id='word_1_144' title='bbox 199 1561 229 1614; x_wconf 86' lang='lat'><strong>6:</strong></span> <span class='ocrx_word' id='word_1_145' title='bbox 253 1560 299 1614; x_wconf 91' lang='lat' dir='ltr'><strong>„et</strong></span> <span class='ocrx_word' id='word_1_146' title='bbox 316 1551 453 1606; x_wconf 81' lang='lat' dir='ltr'><strong>fortunam</strong></span> <span class='ocrx_word' id='word_1_147' title='bbox 472 1549 556 1624; x_wconf 85' lang='lat' dir='ltr'><strong>ipsam</strong></span> <span class='ocrx_word' id='word_1_148' title='bbox 577 1549 672 1612; x_wconf 86' lang='lat' dir='ltr'><strong>vereri,</strong></span> <span class='ocrx_word' id='word_1_149' title='bbox 687 1565 721 1605; x_wconf 90' lang='grc'><strong>77</strong></span> <span class='ocrx_word' id='word_1_150' title='bbox 734 1549 778 1606; x_wconf 93' lang='lat' dir='ltr'><strong>cui</strong></span> <span class='ocrx_word' id='word_1_151' title='bbox 793 1549 905 1606; x_wconf 88' lang='lat' dir='ltr'><strong>deorum</strong></span> <span class='ocrx_word' id='word_1_152' title='bbox 920 1549 1002 1606; x_wconf 89' lang='lat' dir='ltr'><strong>nimia</strong></span> <span class='ocrx_word' id='word_1_153' title='bbox 1021 1551 1073 1606; x_wconf 90' lang='lat' dir='ltr'><strong>iam</strong></span> <span class='ocrx_word' id='word_1_154' title='bbox 1088 1551 1114 1606; x_wconf 91' lang='lat' dir='ltr'><strong>in</strong></span> <span class='ocrx_word' id='word_1_155' title='bbox 1130 1568 1160 1608; x_wconf 90' lang='lat' dir='ltr'><strong>se</strong></span> 
     </span>
     <span class='ocr_line' id='line_1_17' title="bbox 198 1631 1159 1708; baseline 0 -16"><span class='ocrx_word' id='word_1_156' title='bbox 198 1645 227 1693; x_wconf 87' lang='lat' dir='ltr'><strong>et</strong></span> <span class='ocrx_word' id='word_1_157' title='bbox 249 1633 419 1692; x_wconf 80' lang='lat' dir='ltr'><strong>constantior</strong></span> <span class='ocrx_word' id='word_1_158' title='bbox 441 1649 521 1706; x_wconf 89' lang='lat' dir='ltr'><strong>quam</strong></span> <span class='ocrx_word' id='word_1_159' title='bbox 542 1631 625 1708; x_wconf 77' lang='lat' dir='ltr'><strong>uelint</strong></span> <span class='ocrx_word' id='word_1_160' title='bbox 645 1633 775 1689; x_wconf 87' lang='lat' dir='ltr'><strong>humanae</strong></span> <span class='ocrx_word' id='word_1_161' title='bbox 795 1649 840 1689; x_wconf 89' lang='grc'><strong>777</strong></span> <span class='ocrx_word' id='word_1_162' title='bbox 853 1633 1003 1696; x_wconf 86' lang='lat' dir='ltr'><strong>videatur,“</strong></span> <span class='ocrx_word' id='word_1_163' title='bbox 1025 1650 1079 1707; x_wconf 87' lang='lat' dir='ltr'><strong>qno</strong></span> <span class='ocrx_word' id='word_1_164' title='bbox 1096 1633 1159 1692; x_wconf 91' lang='lat' dir='ltr'><strong>loco</strong></span> 
     </span>
     <span class='ocr_line' id='line_1_18' title="bbox 199 1715 1160 1792; baseline 0 -16"><span class='ocrx_word' id='word_1_165' title='bbox 199 1720 309 1776; x_wconf 80' lang='lat' dir='ltr'><strong>fortuna</strong></span> <span class='ocrx_word' id='word_1_166' title='bbox 324 1718 366 1780; x_wconf 90' lang='lat' dir='ltr'><strong>iis,</strong></span> <span class='ocrx_word' id='word_1_167' title='bbox 382 1733 450 1790; x_wconf 89' lang='lat' dir='ltr'><strong>quae</strong></span> <span class='ocrx_word' id='word_1_168' title='bbox 463 1716 552 1772; x_wconf 86' lang='lat' dir='ltr'><strong>addita</strong></span> <span class='ocrx_word' id='word_1_169' title='bbox 563 1723 641 1772; x_wconf 85' lang='lat' dir='ltr'><strong>sunt:</strong></span> <span class='ocrx_word' id='word_1_170' title='bbox 658 1732 692 1772; x_wconf 89' lang='lat' dir='ltr'><strong>ne</strong></span> <span class='ocrx_word' id='word_1_171' title='bbox 705 1717 749 1772; x_wconf 91' lang='lat' dir='ltr'><strong>cui</strong></span> <span class='ocrx_word' id='word_1_172' title='bbox 764 1725 815 1773; x_wconf 89' lang='lat' dir='ltr'><strong>etc.</strong></span> <span class='ocrx_word' id='word_1_173' title='bbox 831 1715 988 1790; x_wconf 80' lang='lat' dir='ltr'><strong>explicatur,</strong></span> <span class='ocrx_word' id='word_1_174' title='bbox 998 1717 1041 1773; x_wconf 91' lang='grc'><strong>711.</strong></span> <span class='ocrx_word' id='word_1_175' title='bbox 1060 1718 1160 1792; x_wconf 90' lang='lat' dir='ltr'><strong>Supre-</strong></span> 
     </span>
     <span class='ocr_line' id='line_1_19' title="bbox 199 1798 1158 1867; baseline -0.005 -7"><span class='ocrx_word' id='word_1_176' title='bbox 199 1819 269 1860; x_wconf 86' lang='lat' dir='ltr'><strong>mam</strong></span> <span class='ocrx_word' id='word_1_177' title='bbox 284 1809 372 1858; x_wconf 90' lang='lat' dir='ltr'><strong>autem</strong></span> <span class='ocrx_word' id='word_1_178' title='bbox 387 1798 461 1856; x_wconf 87' lang='lat' dir='ltr'><strong>illam</strong></span> <span class='ocrx_word' id='word_1_179' title='bbox 482 1800 534 1855; x_wconf 86' lang='lat' dir='ltr'><strong>vim</strong></span> <span class='ocrx_word' id='word_1_180' title='bbox 552 1799 585 1867; x_wconf 84' lang='lat' dir='ltr'><strong>ab</strong></span> <span class='ocrx_word' id='word_1_181' title='bbox 601 1799 739 1856; x_wconf 90' lang='lat' dir='ltr'><strong>hominum</strong></span> <span class='ocrx_word' id='word_1_182' title='bbox 761 1800 850 1857; x_wconf 85' lang='lat' dir='ltr'><strong>animo</strong></span> <span class='ocrx_word' id='word_1_183' title='bbox 866 1800 1027 1863; x_wconf 83' lang='lat' dir='ltr'><strong>seiunctam,</strong></span> <span class='ocrx_word' id='word_1_184' title='bbox 1045 1820 1068 1856; x_wconf 90' lang='lat' dir='ltr'><strong>v.</strong></span> <span class='ocrx_word' id='word_1_185' title='bbox 1084 1801 1158 1865; x_wconf 91' lang='lat' dir='ltr'><strong>XLV,</strong></span> 
     </span>
     <span class='ocr_line' id='line_1_20' title="bbox 199 1884 1160 1950; baseline -0.006 -2"><span class='ocrx_word' id='word_1_186' title='bbox 199 1893 224 1950; x_wconf 85' lang='grc'><strong>3,</strong></span> <span class='ocrx_word' id='word_1_187' title='bbox 237 1897 267 1946; x_wconf 84' lang='lat'><strong>5:</strong></span> <span class='ocrx_word' id='word_1_188' title='bbox 284 1901 351 1947; x_wconf 87' lang='lat' dir='ltr'><strong>„seu</strong></span> <span class='ocrx_word' id='word_1_189' title='bbox 363 1901 456 1941; x_wconf 88' lang='lat' dir='ltr'><strong>errore</strong></span> <span class='ocrx_word' id='word_1_190' title='bbox 471 1884 587 1939; x_wconf 90' lang='lat' dir='ltr'><strong>humano</strong></span> <span class='ocrx_word' id='word_1_191' title='bbox 600 1899 648 1940; x_wconf 88' lang='lat' dir='ltr'><strong>seu</strong></span> <span class='ocrx_word' id='word_1_192' title='bbox 662 1900 727 1940; x_wconf 91' lang='lat' dir='ltr'><strong>casu</strong></span> <span class='ocrx_word' id='word_1_193' title='bbox 742 1900 791 1940; x_wconf 87' lang='lat' dir='ltr'><strong>seu</strong></span> <span class='ocrx_word' id='word_1_194' title='bbox 803 1884 963 1940; x_wconf 86' lang='lat' dir='ltr'><strong>necessitate</strong></span> <span class='ocrx_word' id='word_1_195' title='bbox 978 1885 1160 1949; x_wconf 61' lang='lat' dir='ltr'><strong>irrideamur</strong></span> 
     </span>
     <span class='ocr_line' id='line_1_21' title="bbox 198 1965 1158 2040; baseline -0.002 -12"><span class='ocrx_word' id='word_1_196' title='bbox 198 1987 261 2028; x_wconf 94' lang='lat' dir='ltr'><strong>cum</strong></span> <span class='ocrx_word' id='word_1_197' title='bbox 277 1969 395 2026; x_wconf 91' lang='lat' dir='ltr'><strong>omnium</strong></span> <span class='ocrx_word' id='word_1_198' title='bbox 406 1976 463 2024; x_wconf 88' lang='lat' dir='ltr'><strong>tum</strong></span> <span class='ocrx_word' id='word_1_199' title='bbox 478 1968 652 2023; x_wconf 86' lang='lat' dir='ltr'><strong>humanarum</strong></span> <span class='ocrx_word' id='word_1_200' title='bbox 666 1983 758 2025; x_wconf 84' lang='lat' dir='ltr'><strong>rerum</strong></span> <span class='ocrx_word' id='word_1_201' title='bbox 773 1966 829 2024; x_wconf 82' lang='lat' dir='ltr'><strong>sive</strong></span> <span class='ocrx_word' id='word_1_202' title='bbox 844 1965 933 2040; x_wconf 75' lang='lat' dir='ltr'><strong>legem</strong></span> <span class='ocrx_word' id='word_1_203' title='bbox 950 1969 1005 2025; x_wconf 87' lang='lat' dir='ltr'><strong>sive</strong></span> <span class='ocrx_word' id='word_1_204' title='bbox 1017 1970 1158 2026; x_wconf 85' lang='lat' dir='ltr'><strong>rectricem</strong></span> 
     </span>
     <span class='ocr_line' id='line_1_22' title="bbox 200 2050 1160 2126; baseline 0 -16"><span class='ocrx_word' id='word_1_205' title='bbox 200 2053 314 2111; x_wconf 88' lang='lat' dir='ltr'><strong>divinam</strong></span> <span class='ocrx_word' id='word_1_206' title='bbox 330 2068 345 2108; x_wconf 90' lang='lat' dir='ltr'><strong>a</strong></span> <span class='ocrx_word' id='word_1_207' title='bbox 359 2051 433 2108; x_wconf 86' lang='lat' dir='ltr'><strong>Livio</strong></span> <span class='ocrx_word' id='word_1_208' title='bbox 449 2050 569 2106; x_wconf 87' lang='lat' dir='ltr'><strong>habitam</strong></span> <span class='ocrx_word' id='word_1_209' title='bbox 590 2067 649 2106; x_wconf 89' lang='grc'><strong>7777</strong></span> <span class='ocrx_word' id='word_1_210' title='bbox 670 2067 725 2106; x_wconf 87' lang='grc'><strong>777</strong></span> <span class='ocrx_word' id='word_1_211' title='bbox 740 2059 782 2107; x_wconf 86' lang='grc'><strong>777</strong></span> <span class='ocrx_word' id='word_1_212' title='bbox 797 2067 847 2107; x_wconf 88' lang='lat' dir='ltr'><strong>cur</strong></span> <span class='ocrx_word' id='word_1_213' title='bbox 860 2067 998 2124; x_wconf 82' lang='lat' dir='ltr'><strong>negemus.</strong></span> <span class='ocrx_word' id='word_1_214' title='bbox 1015 2069 1102 2126; x_wconf 86' lang='lat' dir='ltr'><strong>neque</strong></span> <span class='ocrx_word' id='word_1_215' title='bbox 1118 2051 1160 2110; x_wconf 91' lang='lat' dir='ltr'><strong>lo·</strong></span> 
     </span>
     <span class='ocr_line' id='line_1_23' title="bbox 200 2133 1158 2210; baseline -0.004 -15"><span class='ocrx_word' id='word_1_216' title='bbox 200 2155 248 2196; x_wconf 84' lang='lat' dir='ltr'><strong>eus</strong></span> <span class='ocrx_word' id='word_1_217' title='bbox 271 2143 371 2199; x_wconf 79' lang='lat' dir='ltr'><strong>exstat,</strong></span> <span class='ocrx_word' id='word_1_218' title='bbox 395 2134 441 2191; x_wconf 92' lang='lat' dir='ltr'><strong>ubi</strong></span> <span class='ocrx_word' id='word_1_219' title='bbox 461 2135 514 2191; x_wconf 89' lang='lat' dir='ltr'><strong>boc</strong></span> <span class='ocrx_word' id='word_1_220' title='bbox 534 2133 567 2190; x_wconf 92' lang='lat' dir='ltr'><strong>ab</strong></span> <span class='ocrx_word' id='word_1_221' title='bbox 593 2149 626 2190; x_wconf 88' lang='lat' dir='ltr'><strong>eo</strong></span> <span class='ocrx_word' id='word_1_222' title='bbox 647 2133 676 2188; x_wconf 93' lang='lat' dir='ltr'><strong>iu</strong></span> <span class='ocrx_word' id='word_1_223' title='bbox 696 2133 807 2190; x_wconf 92' lang='lat' dir='ltr'><strong>dubium</strong></span> <span class='ocrx_word' id='word_1_224' title='bbox 822 2143 945 2192; x_wconf 86' lang='lat' dir='ltr'><strong>vocatum</strong></span> <span class='ocrx_word' id='word_1_225' title='bbox 961 2135 1044 2192; x_wconf 88' lang='lat' dir='ltr'><strong>videri</strong></span> <span class='ocrx_word' id='word_1_226' title='bbox 1060 2137 1158 2210; x_wconf 86' lang='lat' dir='ltr'><strong>possit.</strong></span> 
     </span>
     <span class='ocr_line' id='line_1_24' title="bbox 200 2216 1160 2294; baseline -0.002 -15"><span class='ocrx_word' id='word_1_227' title='bbox 200 2221 252 2279; x_wconf 86' lang='lat' dir='ltr'><strong>Sed</strong></span> <span class='ocrx_word' id='word_1_228' title='bbox 270 2238 329 2278; x_wconf 91' lang='lat' dir='ltr'><strong>cum</strong></span> <span class='ocrx_word' id='word_1_229' title='bbox 346 2219 451 2276; x_wconf 87' lang='lat' dir='ltr'><strong>occulta</strong></span> <span class='ocrx_word' id='word_1_230' title='bbox 466 2218 502 2273; x_wconf 89' lang='lat' dir='ltr'><strong>sit</strong></span> <span class='ocrx_word' id='word_1_231' title='bbox 516 2225 544 2274; x_wconf 93' lang='lat' dir='ltr'><strong>et</strong></span> <span class='ocrx_word' id='word_1_232' title='bbox 558 2216 644 2273; x_wconf 88' lang='lat' dir='ltr'><strong>multa</strong></span> <span class='ocrx_word' id='word_1_233' title='bbox 663 2217 808 2292; x_wconf 83' lang='lat' dir='ltr'><strong>improuisa</strong></span> <span class='ocrx_word' id='word_1_234' title='bbox 824 2216 937 2281; x_wconf 84' lang='grc'><strong>77777777,</strong></span> <span class='ocrx_word' id='word_1_235' title='bbox 954 2219 1084 2294; x_wconf 81' lang='lat' dir='ltr'><strong>rapientis</strong></span> <span class='ocrx_word' id='word_1_236' title='bbox 1099 2237 1160 2277; x_wconf 86' lang='grc'><strong>7777</strong></span> 
     </span>
     <span class='ocr_line' id='line_1_25' title="bbox 164 2300 1159 2377; baseline -0.004 -15"><span class='ocrx_word' id='word_1_237' title='bbox 164 2325 167 2330; x_wconf 96' lang='grc'><strong><em>·</em></strong></span> <span class='ocrx_word' id='word_1_238' title='bbox 201 2313 294 2362; x_wconf 88' lang='lat' dir='ltr'><strong>monet</strong></span> <span class='ocrx_word' id='word_1_239' title='bbox 308 2309 481 2377; x_wconf 89' lang='lat' dir='ltr'><strong>perspectum</strong></span> <span class='ocrx_word' id='word_1_240' title='bbox 493 2301 593 2358; x_wconf 87' lang='lat' dir='ltr'><strong>habere</strong></span> <span class='ocrx_word' id='word_1_241' title='bbox 608 2301 696 2358; x_wconf 89' lang='lat' dir='ltr'><strong>omnia</strong></span> <span class='ocrx_word' id='word_1_242' title='bbox 712 2300 828 2359; x_wconf 90' lang='lat' dir='ltr'><strong>humana</strong></span> <span class='ocrx_word' id='word_1_243' title='bbox 836 2318 898 2359; x_wconf 88' lang='grc'><strong>7777</strong></span> <span class='ocrx_word' id='word_1_244' title='bbox 911 2303 1014 2360; x_wconf 86' lang='lat' dir='ltr'><strong>incerta</strong></span> <span class='ocrx_word' id='word_1_245' title='bbox 1029 2303 1058 2367; x_wconf 91' lang='lat' dir='ltr'><strong>V,</strong></span> <span class='ocrx_word' id='word_1_246' title='bbox 1070 2311 1112 2367; x_wconf 82' lang='lat'><strong>33,</strong></span> <span class='ocrx_word' id='word_1_247' title='bbox 1129 2315 1159 2366; x_wconf 77' lang='grc' dir='ltr'><strong>ις</strong></span> 
     </span>
     <span class='ocr_line' id='line_1_26' title="bbox 200 2384 1159 2461; baseline -0.001 -16"><span class='ocrx_word' id='word_1_248' title='bbox 200 2398 228 2446; x_wconf 89' lang='grc'><strong>77</strong></span> <span class='ocrx_word' id='word_1_249' title='bbox 242 2389 373 2444; x_wconf 89' lang='lat' dir='ltr'><strong>humanae</strong></span> <span class='ocrx_word' id='word_1_250' title='bbox 388 2384 551 2442; x_wconf 85' lang='lat' dir='ltr'><strong>infirmitatis</strong></span> <span class='ocrx_word' id='word_1_251' title='bbox 565 2385 727 2448; x_wconf 88' lang='lat' dir='ltr'><strong>meminisse,</strong></span> <span class='ocrx_word' id='word_1_252' title='bbox 743 2393 771 2441; x_wconf 88' lang='lat' dir='ltr'><strong>et</strong></span> <span class='ocrx_word' id='word_1_253' title='bbox 783 2384 834 2441; x_wconf 91' lang='lat' dir='ltr'><strong>vim</strong></span> <span class='ocrx_word' id='word_1_254' title='bbox 849 2385 976 2444; x_wconf 82' lang='lat' dir='ltr'><strong>fortunae</strong></span> <span class='ocrx_word' id='word_1_255' title='bbox 990 2394 1116 2461; x_wconf 87' lang='lat' dir='ltr'><strong>reputare</strong></span> <span class='ocrx_word' id='word_1_256' title='bbox 1132 2397 1159 2444; x_wconf 89' lang='lat' dir='ltr'><strong>et</strong></span> 
     </span>
     <span class='ocr_line' id='line_1_27' title="bbox 201 2468 1159 2545; baseline -0.003 -16"><span class='ocrx_word' id='word_1_257' title='bbox 201 2471 303 2534; x_wconf 87' lang='lat' dir='ltr'><strong>omnia,</strong></span> <span class='ocrx_word' id='word_1_258' title='bbox 328 2485 512 2545; x_wconf 89' lang='lat' dir='ltr'><strong>quaecumque</strong></span> <span class='ocrx_word' id='word_1_259' title='bbox 535 2477 611 2542; x_wconf 83' lang='lat' dir='ltr'><strong>agat,</strong></span> <span class='ocrx_word' id='word_1_260' title='bbox 631 2468 701 2526; x_wconf 86' lang='grc'><strong>77777</strong></span> <span class='ocrx_word' id='word_1_261' title='bbox 727 2469 848 2526; x_wconf 86' lang='lat' dir='ltr'><strong>subiecta</strong></span> <span class='ocrx_word' id='word_1_262' title='bbox 871 2487 931 2527; x_wconf 87' lang='lat' dir='ltr'><strong>esse</strong></span> <span class='ocrx_word' id='word_1_263' title='bbox 950 2469 1024 2527; x_wconf 89' lang='lat' dir='ltr'><strong>mille</strong></span> <span class='ocrx_word' id='word_1_264' title='bbox 1042 2470 1159 2534; x_wconf 87' lang='lat' dir='ltr'><strong>casibus,</strong></span> 
     </span>
     <span class='ocr_line' id='line_1_28' title="bbox 200 2553 1159 2628; baseline -0.001 -16"><span class='ocrx_word' id='word_1_265' title='bbox 200 2556 273 2618; x_wconf 87' lang='lat' dir='ltr'><strong>XXX,</strong></span> <span class='ocrx_word' id='word_1_266' title='bbox 289 2563 330 2618; x_wconf 91' lang='grc'><strong>31,</strong></span> <span class='ocrx_word' id='word_1_267' title='bbox 347 2561 372 2617; x_wconf 87' lang='grc'><strong>6,</strong></span> <span class='ocrx_word' id='word_1_268' title='bbox 387 2571 475 2628; x_wconf 89' lang='lat' dir='ltr'><strong>neque</strong></span> <span class='ocrx_word' id='word_1_269' title='bbox 492 2569 641 2627; x_wconf 87' lang='lat' dir='ltr'><strong>prosperae</strong></span> <span class='ocrx_word' id='word_1_270' title='bbox 655 2553 781 2610; x_wconf 83' lang='lat' dir='ltr'><strong>fortunae</strong></span> <span class='ocrx_word' id='word_1_271' title='bbox 797 2553 862 2611; x_wconf 87' lang='lat' dir='ltr'><strong>llatu</strong></span> <span class='ocrx_word' id='word_1_272' title='bbox 877 2555 968 2611; x_wconf 87' lang='lat' dir='ltr'><strong>ellerri</strong></span> <span class='ocrx_word' id='word_1_273' title='bbox 982 2571 1032 2613; x_wconf 88' lang='grc'><strong>777</strong></span> <span class='ocrx_word' id='word_1_274' title='bbox 1048 2556 1159 2611; x_wconf 82' lang='lat' dir='ltr'><strong>adversa</strong></span> 
     </span>
     <span class='ocr_line' id='line_1_29' title="bbox 200 2635 1158 2713; baseline -0.001 -18"><span class='ocrx_word' id='word_1_275' title='bbox 200 2639 312 2712; x_wconf 82' lang='lat' dir='ltr'><strong>infringi</strong></span> <span class='ocrx_word' id='word_1_276' title='bbox 327 2637 399 2700; x_wconf 82' lang='lat' dir='ltr'><strong>XLV,</strong></span> <span class='ocrx_word' id='word_1_277' title='bbox 415 2645 440 2700; x_wconf 87' lang='lat'><strong>8,</strong></span> <span class='ocrx_word' id='word_1_278' title='bbox 454 2643 480 2697; x_wconf 94' lang='grc'><strong>7.</strong></span> <span class='ocrx_word' id='word_1_279' title='bbox 499 2637 529 2692; x_wconf 94' lang='grc'><strong>17</strong></span> <span class='ocrx_word' id='word_1_280' title='bbox 544 2645 618 2693; x_wconf 90' lang='lat' dir='ltr'><strong>tanta</strong></span> <span class='ocrx_word' id='word_1_281' title='bbox 634 2645 723 2693; x_wconf 90' lang='lat' dir='ltr'><strong>autem</strong></span> <span class='ocrx_word' id='word_1_282' title='bbox 739 2635 924 2695; x_wconf 88' lang='lat' dir='ltr'><strong>imbecillitate</strong></span> <span class='ocrx_word' id='word_1_283' title='bbox 940 2638 1060 2713; x_wconf 78' lang='lat' dir='ltr'><strong>quamvis</strong></span> <span class='ocrx_word' id='word_1_284' title='bbox 1074 2638 1158 2694; x_wconf 90' lang='lat' dir='ltr'><strong>multa</strong></span> 
     </span>
     <span class='ocr_line' id='line_1_30' title="bbox 201 2719 1159 2796; baseline -0.001 -18"><span class='ocrx_word' id='word_1_285' title='bbox 201 2723 307 2796; x_wconf 85' lang='lat' dir='ltr'><strong>quidem</strong></span> <span class='ocrx_word' id='word_1_286' title='bbox 327 2721 450 2776; x_wconf 87' lang='lat' dir='ltr'><strong>homines</strong></span> <span class='ocrx_word' id='word_1_287' title='bbox 466 2728 495 2776; x_wconf 87' lang='lat' dir='ltr'><strong>et</strong></span> <span class='ocrx_word' id='word_1_288' title='bbox 511 2719 621 2794; x_wconf 77' lang='lat' dir='ltr'><strong>egregia</strong></span> <span class='ocrx_word' id='word_1_289' title='bbox 643 2736 658 2775; x_wconf 90' lang='lat' dir='ltr'><strong>a</strong></span> <span class='ocrx_word' id='word_1_290' title='bbox 672 2720 729 2778; x_wconf 86' lang='lat' dir='ltr'><strong>deis</strong></span> <span class='ocrx_word' id='word_1_291' title='bbox 745 2720 857 2785; x_wconf 88' lang='lat' dir='ltr'><strong>babent,</strong></span> <span class='ocrx_word' id='word_1_292' title='bbox 877 2729 967 2780; x_wconf 86' lang='lat' dir='ltr'><strong>tamen</strong></span> <span class='ocrx_word' id='word_1_293' title='bbox 980 2722 1065 2781; x_wconf 87' lang='lat' dir='ltr'><strong>multa</strong></span> <span class='ocrx_word' id='word_1_294' title='bbox 1079 2722 1159 2779; x_wconf 88' lang='lat' dir='ltr'><strong>etiam</strong></span> 
     </span>
     <span class='ocr_line' id='line_1_31' title="bbox 200 2803 1159 2881; baseline 0 -20"><span class='ocrx_word' id='word_1_295' title='bbox 200 2807 252 2881; x_wconf 92' lang='lat' dir='ltr'><strong>ipsi</strong></span> <span class='ocrx_word' id='word_1_296' title='bbox 273 2804 417 2878; x_wconf 86' lang='lat' dir='ltr'><strong>acquirunt</strong></span> <span class='ocrx_word' id='word_1_297' title='bbox 436 2812 464 2861; x_wconf 90' lang='lat' dir='ltr'><strong>et</strong></span> <span class='ocrx_word' id='word_1_298' title='bbox 485 2804 517 2860; x_wconf 90' lang='lat' dir='ltr'><strong>ad</strong></span> <span class='ocrx_word' id='word_1_299' title='bbox 536 2803 662 2861; x_wconf 88' lang='grc'><strong>77777777</strong></span> <span class='ocrx_word' id='word_1_300' title='bbox 681 2804 848 2878; x_wconf 87' lang='lat' dir='ltr'><strong>deorumque</strong></span> <span class='ocrx_word' id='word_1_301' title='bbox 870 2821 982 2864; x_wconf 85' lang='lat' dir='ltr'><strong>munera</strong></span> <span class='ocrx_word' id='word_1_302' title='bbox 1002 2807 1116 2870; x_wconf 86' lang='lat' dir='ltr'><strong>addunt,</strong></span> <span class='ocrx_word' id='word_1_303' title='bbox 1134 2824 1159 2861; x_wconf 84' lang='lat' dir='ltr'><strong>v.</strong></span> 
     </span>
     <span class='ocr_line' id='line_1_32' title="bbox 200 2886 1160 2961; baseline 0.002 -15"><span class='ocrx_word' id='word_1_304' title='bbox 200 2889 273 2952; x_wconf 90' lang='lat' dir='ltr'><strong>XXX,</strong></span> <span class='ocrx_word' id='word_1_305' title='bbox 293 2898 315 2949; x_wconf 92' lang='grc'><strong>1,</strong></span> <span class='ocrx_word' id='word_1_306' title='bbox 332 2898 362 2952; x_wconf 84' lang='lat'><strong>5;</strong></span> <span class='ocrx_word' id='word_1_307' title='bbox 383 2887 429 2949; x_wconf 94' lang='lat' dir='ltr'><strong>lll,</strong></span> <span class='ocrx_word' id='word_1_308' title='bbox 446 2886 595 2952; x_wconf 87' lang='grc'><strong>11,6711.,</strong></span> <span class='ocrx_word' id='word_1_309' title='bbox 612 2903 700 2961; x_wconf 88' lang='lat' dir='ltr'><strong>nequo</strong></span> <span class='ocrx_word' id='word_1_310' title='bbox 715 2889 763 2944; x_wconf 88' lang='lat' dir='ltr'><strong>lati</strong></span> <span class='ocrx_word' id='word_1_311' title='bbox 781 2890 942 2948; x_wconf 88' lang='lat' dir='ltr'><strong>necessitate</strong></span> <span class='ocrx_word' id='word_1_312' title='bbox 964 2900 1012 2948; x_wconf 90' lang='lat' dir='ltr'><strong>aut</strong></span> <span class='ocrx_word' id='word_1_313' title='bbox 1033 2890 1160 2948; x_wconf 77' lang='lat' dir='ltr'><strong>fortunae</strong></span> 
     </span>
     <span class='ocr_line' id='line_1_33' title="bbox 200 2971 1159 3048; baseline 0.002 -20"><span class='ocrx_word' id='word_1_314' title='bbox 200 2971 324 3029; x_wconf 84' lang='lat' dir='ltr'><strong>ludibriis</strong></span> <span class='ocrx_word' id='word_1_315' title='bbox 347 2971 462 3028; x_wconf 90' lang='lat' dir='ltr'><strong>liberum</strong></span> <span class='ocrx_word' id='word_1_316' title='bbox 496 2987 590 3028; x_wconf 85' lang='lat' dir='ltr'><strong>uorum</strong></span> <span class='ocrx_word' id='word_1_317' title='bbox 613 2971 754 3028; x_wconf 89' lang='lat' dir='ltr'><strong>arbitrium</strong></span> <span class='ocrx_word' id='word_1_318' title='bbox 783 2972 890 3030; x_wconf 90' lang='lat' dir='ltr'><strong>tollitur</strong></span> <span class='ocrx_word' id='word_1_319' title='bbox 914 2983 960 3032; x_wconf 87' lang='lat' dir='ltr'><strong>aut</strong></span> <span class='ocrx_word' id='word_1_320' title='bbox 985 2973 1159 3048; x_wconf 77' lang='lat' dir='ltr'><strong>infringitur;</strong></span> 
     </span>
     <span class='ocr_line' id='line_1_34' title="bbox 200 3055 1159 3132; baseline 0 -18"><span class='ocrx_word' id='word_1_321' title='bbox 200 3074 283 3129; x_wconf 87' lang='lat' dir='ltr'><strong>quare</strong></span> <span class='ocrx_word' id='word_1_322' title='bbox 304 3055 427 3119; x_wconf 81' lang='lat' dir='ltr'><strong>XXXVII,</strong></span> <span class='ocrx_word' id='word_1_323' title='bbox 452 3061 499 3120; x_wconf 85' lang='grc'><strong>45,</strong></span> <span class='ocrx_word' id='word_1_324' title='bbox 529 3061 578 3115; x_wconf 79' lang='lat'><strong>12:</strong></span> <span class='ocrx_word' id='word_1_325' title='bbox 618 3056 750 3119; x_wconf 85' lang='lat' dir='ltr'><strong>„Romani</strong></span> <span class='ocrx_word' id='word_1_326' title='bbox 778 3055 866 3131; x_wconf 86' lang='lat' dir='ltr'><strong>iuquit</strong></span> <span class='ocrx_word' id='word_1_327' title='bbox 896 3076 928 3116; x_wconf 82' lang='lat' dir='ltr'><strong>ex</strong></span> <span class='ocrx_word' id='word_1_328' title='bbox 956 3059 1004 3123; x_wconf 92' lang='lat' dir='ltr'><strong>iis,</strong></span> <span class='ocrx_word' id='word_1_329' title='bbox 1032 3076 1100 3132; x_wconf 91' lang='lat' dir='ltr'><strong>quae</strong></span> <span class='ocrx_word' id='word_1_330' title='bbox 1132 3059 1159 3114; x_wconf 91' lang='grc'><strong>77</strong></span> 
     </span>
     <span class='ocr_line' id='line_1_35' title="bbox 200 3138 1159 3216; baseline 0.002 -20"><span class='ocrx_word' id='word_1_331' title='bbox 200 3141 312 3197; x_wconf 89' lang='lat' dir='ltr'><strong>deorum</strong></span> <span class='ocrx_word' id='word_1_332' title='bbox 330 3138 522 3196; x_wconf 85' lang='lat' dir='ltr'><strong>immortalium</strong></span> <span class='ocrx_word' id='word_1_333' title='bbox 543 3147 680 3213; x_wconf 78' lang='lat' dir='ltr'><strong>potestate</strong></span> <span class='ocrx_word' id='word_1_334' title='bbox 704 3149 795 3203; x_wconf 89' lang='lat' dir='ltr'><strong>erant,</strong></span> <span class='ocrx_word' id='word_1_335' title='bbox 819 3157 851 3198; x_wconf 87' lang='grc'><strong>77</strong></span> <span class='ocrx_word' id='word_1_336' title='bbox 870 3142 1013 3205; x_wconf 82' lang='lat' dir='ltr'><strong>habemus,</strong></span> <span class='ocrx_word' id='word_1_337' title='bbox 1036 3157 1105 3216; x_wconf 85' lang='lat' dir='ltr'><strong>quae</strong></span> <span class='ocrx_word' id='word_1_338' title='bbox 1121 3143 1159 3199; x_wconf 90' lang='lat' dir='ltr'><strong>dii</strong></span> 
     </span>
     <span class='ocr_line' id='line_1_36' title="bbox 200 3223 1159 3298; baseline 0.002 -18"><span class='ocrx_word' id='word_1_339' title='bbox 200 3224 346 3286; x_wconf 90' lang='lat' dir='ltr'><strong>dederunt,</strong></span> <span class='ocrx_word' id='word_1_340' title='bbox 363 3224 480 3288; x_wconf 87' lang='lat' dir='ltr'><strong>animos,</strong></span> <span class='ocrx_word' id='word_1_341' title='bbox 505 3223 551 3298; x_wconf 92' lang='lat' dir='ltr'><strong>qui</strong></span> <span class='ocrx_word' id='word_1_342' title='bbox 567 3232 678 3281; x_wconf 88' lang='lat' dir='ltr'><strong>nostrae</strong></span> <span class='ocrx_word' id='word_1_343' title='bbox 695 3224 793 3281; x_wconf 91' lang='lat' dir='ltr'><strong>mentis</strong></span> <span class='ocrx_word' id='word_1_344' title='bbox 809 3234 889 3289; x_wconf 88' lang='lat' dir='ltr'><strong>sunt,</strong></span> <span class='ocrx_word' id='word_1_345' title='bbox 911 3227 1020 3282; x_wconf 90' lang='lat' dir='ltr'><strong>eosdem</strong></span> <span class='ocrx_word' id='word_1_346' title='bbox 1042 3226 1159 3282; x_wconf 90' lang='lat' dir='ltr'><strong>inomni</strong></span> 
     </span>
     <span class='ocr_line' id='line_1_37' title="bbox 201 3307 1159 3384; baseline 0.005 -21"><span class='ocrx_word' id='word_1_347' title='bbox 201 3307 311 3364; x_wconf 82' lang='lat' dir='ltr'><strong>fortuna</strong></span> <span class='ocrx_word' id='word_1_348' title='bbox 341 3309 474 3381; x_wconf 86' lang='lat' dir='ltr'><strong>gessimus</strong></span> <span class='ocrx_word' id='word_1_349' title='bbox 499 3307 706 3383; x_wconf 80' lang='lat' dir='ltr'><strong>gerimusque,“</strong></span> <span class='ocrx_word' id='word_1_350' title='bbox 731 3318 758 3364; x_wconf 94' lang='grc'><strong>77</strong></span> <span class='ocrx_word' id='word_1_351' title='bbox 780 3325 883 3365; x_wconf 91' lang='lat' dir='ltr'><strong>summa</strong></span> <span class='ocrx_word' id='word_1_352' title='bbox 905 3327 1025 3384; x_wconf 87' lang='lat' dir='ltr'><strong>quaeque</strong></span> <span class='ocrx_word' id='word_1_353' title='bbox 1045 3309 1159 3368; x_wconf 87' lang='lat' dir='ltr'><strong>consilia</strong></span> 
     </span>
     <span class='ocr_line' id='line_1_38' title="bbox 202 3390 1147 3466; baseline 0.004 -22"><span class='ocrx_word' id='word_1_354' title='bbox 202 3390 268 3465; x_wconf 85' lang='lat' dir='ltr'><strong>ipsis</strong></span> <span class='ocrx_word' id='word_1_355' title='bbox 283 3390 438 3448; x_wconf 90' lang='lat' dir='ltr'><strong>hominibus</strong></span> <span class='ocrx_word' id='word_1_356' title='bbox 457 3390 590 3454; x_wconf 92' lang='lat' dir='ltr'><strong>attribuit,</strong></span> <span class='ocrx_word' id='word_1_357' title='bbox 606 3400 652 3448; x_wconf 89' lang='lat' dir='ltr'><strong>aut</strong></span> <span class='ocrx_word' id='word_1_358' title='bbox 666 3391 837 3449; x_wconf 88' lang='lat' dir='ltr'><strong>simulatione</strong></span> <span class='ocrx_word' id='word_1_359' title='bbox 854 3393 966 3466; x_wconf 86' lang='lat' dir='ltr'><strong>quadam</strong></span> <span class='ocrx_word' id='word_1_360' title='bbox 982 3393 1014 3449; x_wconf 84' lang='lat' dir='ltr'><strong>ad</strong></span> <span class='ocrx_word' id='word_1_361' title='bbox 1036 3393 1101 3450; x_wconf 89' lang='lat' dir='ltr'><strong>deos</strong></span> <span class='ocrx_word' id='word_1_362' title='bbox 1116 3409 1147 3448; x_wconf 91' lang='grc'><strong>77</strong></span> 
     </span>
     <span class='ocr_line' id='line_1_39' title="bbox 201 3471 1158 3550; baseline 0.003 -21"><span class='ocrx_word' id='word_1_363' title='bbox 201 3471 267 3531; x_wconf 86' lang='grc'><strong>17777</strong></span> <span class='ocrx_word' id='word_1_364' title='bbox 277 3475 351 3538; x_wconf 90' lang='lat' dir='ltr'><strong>dicit,</strong></span> <span class='ocrx_word' id='word_1_365' title='bbox 369 3475 488 3540; x_wconf 77' lang='grc'><strong>7711171,</strong></span> <span class='ocrx_word' id='word_1_366' title='bbox 502 3481 587 3540; x_wconf 72' lang='grc'><strong>1747</strong></span> <span class='ocrx_word' id='word_1_367' title='bbox 602 3475 689 3540; x_wconf 80' lang='grc'><strong>71745,</strong></span> <span class='ocrx_word' id='word_1_368' title='bbox 704 3484 736 3541; x_wconf 84' lang='grc'><strong>7,</strong></span> <span class='ocrx_word' id='word_1_369' title='bbox 751 3484 805 3534; x_wconf 87' lang='grc'><strong>777</strong></span> <span class='ocrx_word' id='word_1_370' title='bbox 819 3477 949 3550; x_wconf 76' lang='lat' dir='ltr'><strong>proximis</strong></span> <span class='ocrx_word' id='word_1_371' title='bbox 965 3479 1052 3535; x_wconf 87' lang='grc'><strong>777777</strong></span> <span class='ocrx_word' id='word_1_372' title='bbox 1067 3492 1158 3533; x_wconf 85' lang='lat' dir='ltr'><strong>rerum</strong></span> 
     </span>
    </p>
   </div>
   <div class='ocr_carea' id='block_1_5' title="bbox 0 0 1268 3954">
    <p class='ocr_par' dir='ltr' id='par_1_5' title="bbox 0 0 1268 3954">
     <span class='ocr_line' id='line_1_40' title="bbox 0 0 1268 3954; baseline 0 0"><span class='ocrx_word' id='word_1_373' title='bbox 0 0 1268 3954; x_wconf 95' lang='lat' dir='ltr'><strong> </strong></span> 
     </span>
    </p>
   </div>
   <div class='ocr_carea' id='block_1_6' title="bbox 1259 1453 1262 2766">
    <p class='ocr_par' dir='ltr' id='par_1_6' title="bbox 1259 1453 1262 2766">
     <span class='ocr_line' id='line_1_41' title="bbox 1259 1453 1262 2766; baseline 0 0"><span class='ocrx_word' id='word_1_374' title='bbox 1259 1453 1262 2766; x_wconf 95' lang='lat' dir='ltr'><strong> </strong></span> 
     </span>
    </p>
   </div>
  </div>
 </body>
</html>
