2496 3968
200 173 267 238 πω
373 184 468 230 omem
482 186 513 229 r.
541 183 610 228 one.
625 175 694 232 ua.
715 165 761 246 ·[o.
777 189 807 229 o.
826 189 851 229 c.
867 178 926 232 tol.
941 166 1003 247 352]

201 337 253 398 dia
267 335 382 402 dicere3
398 331 520 394 laudare
531 332 665 410 equites,
679 331 800 394 laudam
815 331 948 410 plebem,
967 331 1045 394 diem
1058 333 1157 412 ipsum

153 443 155 446 ·
202 418 447 484 renumerare
463 417 568 476 uotam
577 413 645 478 csse
657 417 744 476 lateri
754 417 921 476 comitatem
932 415 1143 492 benignitatem

157 510 186 564 tl
205 521 262 582 quc
276 507 403 565 senune.
440 501 572 560 certatim
588 498 723 577 patribus
742 497 881 576 plebique
902 513 1028 560 manare
1048 496 1157 578 gaudio

203 586 361 656 lacrimae,
375 585 472 644 donec
485 585 628 644 reuocatis
638 584 671 642 in
684 583 797 642 curiam
807 581 942 660 patribus
953 589 1071 644 senatus
1085 598 1157 643 cco·-

158 669 313 732 resultem
329 668 510 736 factumest,
527 673 561 724 ot
578 665 690 726 tribuni
705 664 847 726 militares
858 661 1001 726 contione
1017 666 1155 726 advocate

204 750 352 832 peditibus
370 748 574 827 equitibusque
596 750 704 826 gratias
721 754 860 826 agerent,
881 757 1043 809 memorem
1059 750 1158 828 plota-

201 839 241 898 tls
263 852 366 896 eorum
385 849 456 910 erga
475 833 599 910 patriani
623 832 756 894 dicerent
771 838 908 892 sonatum
929 833 1008 900 iorc;
1036 827 1158 910 placere

205 927 302 980 autem
323 915 460 977 omnibus
481 915 527 976 his
546 914 738 974 voluntariam
762 923 843 976 extra
862 915 996 976 ordinem
1014 915 1159 994 protessis

203 1001 337 1062 militiam
354 1017 423 1060 aera
439 998 611 1077 procedere.
642 1006 672 1059 et
693 997 784 1076 equiti
803 1005 901 1060 certus
915 1009 1060 1060 numerus
1079 1001 1158 1060 aeris

156 1094 187 1147 13
205 1091 250 1146 est
269 1083 446 1160 adsignemus.
482 1089 552 1154 tunc
573 1083 702 1159 primum
724 1099 800 1160 equo
816 1090 934 1143 menore
956 1083 1069 1158 equites
1089 1095 1158 1144 coe-

203 1174 321 1248 perunt.
354 1165 535 1226 voluntarius
555 1165 659 1226 docus
682 1168 827 1226 exercitus
849 1166 936 1226 Veios
964 1181 1025 1226 non
1048 1168 1158 1228 amesa

203 1250 292 1312 modo
318 1251 446 1311 restituit
466 1265 557 1327 opera
579 1247 632 1309 sed
652 1265 727 1308 nova
747 1251 835 1310 etiam
852 1249 986 1310 inedtoit.
1022 1247 1059 1308 ab
1082 1249 1158 1311 orbe

204 1341 383 1395 commeatus
399 1333 557 1395 intentiore
572 1347 660 1408 quam
675 1339 759 1393 antea
782 1331 905 1393 sument
923 1349 1012 1402 cura,
1034 1349 1074 1394 ne
1086 1333 1159 1410 quid

201 1426 262 1479 tam
276 1416 353 1478 bene
368 1417 473 1476 merito
492 1416 633 1476 exercitui
647 1415 684 1476 ad
697 1431 783 1476 usum
798 1415 921 1476 deesset

171 1509 185 1560 1
267 1499 339 1559 Vlll.
368 1499 529 1574 Insequens
547 1515 641 1559 annus
655 1497 791 1559 tribums
802 1497 926 1558 omnum
937 1499 1088 1560 consulari
1103 1517 1157 1578 po·

202 1589 306 1645 testate
327 1581 430 1642 habuit
449 1581 480 1642 C.
500 1580 655 1640 Servilium
673 1580 795 1642 Ahalam
816 1583 936 1642 tertium
949 1580 983 1652 O„
998 1582 1157 1646 Sermbum

203 1666 235 1728 L.
255 1667 425 1743 Verginium
445 1661 480 1732 Q.
504 1663 666 1741 Sulpicium
685 1664 718 1726 Α.
737 1663 878 1726 Manlium
897 1667 1006 1727 iterum
1021 1664 1069 1728 Μ’.
1085 1667 1156 1728 Scr-

169 1755 186 1807 2
202 1753 283 1830 glum
302 1751 418 1809 iterum.
448 1747 494 1808 his
514 1747 656 1817 tribunis,
680 1748 748 1809 dum
763 1764 834 1809 curo
855 1751 985 1809 omniurn
1005 1753 1037 1810 in
1050 1750 1156 1812 Veiens

202 1833 312 1896 bellum
332 1834 443 1893 intenta
468 1837 525 1900 est,
549 1829 715 1907 neglectum
735 1832 846 1892 Anxuri
868 1833 1049 1910 praesidium
1071 1849 1155 1894 vaca·
1246 1894 1247 1916 ,

203 1915 331 1978 tionibus
346 1914 471 1975 rnilitum
490 1920 520 1974 et
534 1913 656 1975 Volscos
675 1923 858 1978 mercatores.
870 1914 957 1994 uulgo
976 1917 1155 1995 receptando

169 2007 185 2058 a
202 2000 325 2080 proditis
340 2005 462 2076 repente
477 2005 629 2075 portarum
643 1995 814 2059 custodibus
827 2012 1003 2077 oppressum
1019 2009 1072 2060 est.
1100 2003 1155 2060 mi·
1246 2059 1247 2062 ,

202 2101 259 2144 nus
269 2081 394 2144 militurn
405 2083 506 2160 periit,
525 2081 593 2157 quia
604 2087 722 2159 praeter
732 2094 839 2158 aegros
852 2081 977 2142 lixarum
989 2084 1020 2142 in
1035 2084 1155 2144 modum

168 2176 305 2228 somnes
332 2183 386 2243 per
412 2181 499 2241 agros
523 2165 692 2240 vicinasque
713 2163 804 2226 urbes
829 2165 1065 2243 negotiabanurr.
1100 2183 1156 2228 uec

201 2249 269 2310 Veis
287 2247 392 2308 melius
413 2255 493 2323 gesta
509 2263 573 2316 res,
598 2247 677 2322 quod
692 2254 754 2307 tom
768 2257 855 2326 caput
870 2250 1001 2308 omnium
1016 2265 1155 2310 curarum

202 2330 388 2411 publicarum
406 2337 476 2390 erat.
509 2346 577 2389 nem
593 2337 622 2390 et
635 2330 724 2390 duces
739 2320 864 2391 Romani
879 2331 946 2410 plus
958 2333 1036 2393 inter
1047 2351 1080 2394 se
1095 2334 1155 2393 im·

201 2431 268 2475 rom
291 2431 377 2490 quarn
396 2414 534 2474 adversus
554 2411 654 2474 hostes
675 2414 764 2472 aninri
781 2413 967 2485 babuerunt,
992 2423 1021 2476 et
1036 2423 1155 2476 auctum

201 2505 246 2559 est
267 2496 377 2558 bellum
397 2497 521 2558 adventu
541 2498 696 2574 repentino
713 2497 904 2574 Capenatium
921 2507 1007 2575 atquc
1024 2499 1155 2560 Falisco·

167 2586 183 2635 t
200 2599 276 2641 rum.
306 2580 337 2639 bi
350 2581 409 2640 duo
419 2579 553 2640 Etruriae
568 2578 684 2657 populi,
703 2580 771 2656 quia
781 2583 910 2658 proximi
921 2584 1044 2658 regione
1060 2591 1153 2652 erent,

200 2665 322 2725 deuictis
335 2664 402 2724 Veis
417 2661 495 2724 bello
513 2677 630 2739 quoque
644 2663 776 2723 Romano
791 2682 823 2724 se
838 2665 989 2742 proximos
1004 2665 1071 2742 iore
1087 2684 1153 2726 cre·

93 2747 317 2824 „medentes
332 2746 438 2806 Falisci
450 2747 571 2824 proprio
587 2747 673 2806 etiam
691 2762 778 2808 causa
794 2747 907 2819 infesti,
925 2747 1004 2824 quod
1018 2748 1154 2808 Fidenati

199 2829 278 2890 bello
296 2848 327 2890 sc
341 2831 400 2889 iam
417 2837 502 2889 antea
521 2830 744 2900 inmiscuerant,
771 2847 825 2908 per
839 2829 951 2908 legatos
969 2829 1047 2891 ultro
1063 2833 1153 2891 citro·

201 2929 261 2989 que,
273 2914 378 2972 missos
396 2912 598 2972 iureiurando
612 2913 692 2972 inter
706 2931 738 2973 se
751 2912 871 2990 obligati
886 2931 953 2974 cum
973 2913 1152 2974 exercitibus
1246 2927 1247 2981 l

165 3000 181 3048 t
199 2996 374 3074 necopinato
391 2996 427 3056 ad
445 2995 531 3055 Veios
546 3011 707 3056 accessere.
734 2996 811 3056 forte
823 3015 857 3058 ea
871 2998 1010 3074 regione,
1028 3014 1086 3074 qua
1103 2996 1150 3058 Μ’.
1246 2983 1247 3022 ³

199 3080 320 3156 Sergius
334 3078 470 3140 tribunus
484 3077 608 3138 militurn
622 3087 772 3156 praeerat,
786 3087 881 3140 castra
897 3081 993 3141 adorti
1008 3089 1090 3150 sunt,
1105 3082 1151 3140 in·
1246 3105 1247 3120 2

198 3170 374 3240 gentemque
388 3171 534 3224 terrorem
555 3161 696 3233 intulere,
720 3163 788 3239 quia
803 3162 951 3223 Etruriam
966 3177 1087 3225 omnem
1100 3181 1151 3225 ex·

199 3246 284 3305 citam
305 3245 424 3308 sedibus
445 3263 549 3324 magna
573 3245 652 3306 mole
681 3246 784 3307 adesse
802 3245 927 3308 Romani
952 3245 1149 3308 crediderant

164 3328 301 3388 eoadem
326 3331 428 3407 opinio
448 3329 583 3390 Veientes
610 3331 641 3388 in
665 3328 740 3390 urbe
770 3331 932 3390 concitavit.
967 3330 1007 3390 ita
1027 3332 1149 3410 ancipiti

197 3409 311 3488 proelio
329 3420 423 3472 castro
443 3413 573 3472 Romana
594 3411 856 3490 oppugnabantur;
881 3419 1151 3489 concursantesque
