2580 3954
249 198 309 268 102
426 211 522 254 urraca
537 211 586 254 111.
611 198 683 254 oar.
698 203 743 258 68·
760 202 803 258 69.
831 191 871 274 [a.
888 213 919 256 u.
937 213 962 256 e.
978 195 1041 274 3081

248 379 373 430 exuero,
395 366 458 420 eta
481 360 574 438 portis
596 360 705 422 nostris
726 359 942 437 moenibusque
962 360 999 422 ad
1014 359 1133 422 illorum
1152 381 1203 424 ur·

247 444 301 506 hes
311 445 390 504 hunc
404 441 475 504 belli
489 451 644 513 terrorem,
662 459 721 520 quo
736 460 876 505 nunevos
887 445 1002 504 attoniti
1015 447 1092 516 estis,
1108 453 1200 507 trans·

216 627 229 680 1
248 527 410 672 mlelllllll.
440 611 519 671 Raro
535 610 612 672 alias
630 609 743 670 tribuni
763 609 916 689 popularis
939 613 1033 672 oratio
1055 615 1201 691 acceptior

213 713 230 764 e
247 695 328 776 plebi
344 713 432 772 quarn
447 701 518 755 tunc
534 694 712 756 severissimi
733 693 864 755 consulis
886 695 947 756 luit.
978 696 1113 756 inventus
1130 712 1202 772 quo-

247 799 319 859 que,
340 797 414 856 quae
429 779 507 838 inter
520 776 593 839 tales
609 783 704 839 metus
719 777 961 840 detractationem
976 777 1098 838 militiae
1112 777 1201 840 telum
1271 801 1272 806 ¹

248 863 426 925 acerrimum
446 861 586 922 adversus
609 869 708 939 patres
730 859 843 923 habere
863 860 947 922 solita
969 867 1047 932 erat,
1071 878 1152 922 arma
1175 871 1203 923 et

247 945 359 1008 bellum
374 942 534 1022 spectabat.
565 951 594 1006 et
615 946 775 1022 agrestium
792 945 861 1022 luga
882 943 1058 1023 spoliatique
1076 946 1108 1004 in
1125 948 1202 1023 agris

248 1036 277 1092 et
293 1027 437 1090 vtdnerati
456 1027 587 1090 loediora
603 1029 655 1097 iis,
674 1045 749 1105 quae
764 1027 984 1089 subiciebantur
1001 1027 1111 1099 oculis,
1127 1046 1202 1090 nun-
1271 1069 1272 1106 q

211 1123 230 1175 3
247 1115 352 1174 tientes
362 1117 453 1172 totam
466 1109 572 1174 urbem
581 1113 625 1172 ira
640 1110 799 1190 inplevere.
828 1113 860 1172 in
871 1119 1005 1173 senatum
1019 1111 1071 1172 ubi
1085 1120 1202 1175 ventum
1271 1127 1272 1136 ¹

247 1204 304 1266 est,
324 1195 367 1257 ibi
381 1213 451 1258 vero
467 1197 498 1256 in
514 1193 683 1266 Quinctium
698 1213 801 1257 omnes
816 1198 894 1258 versi
908 1203 941 1256 ut
955 1197 987 1256 in
1002 1213 1095 1257 unum
1109 1196 1202 1258 nodi·

246 1299 312 1342 cem
326 1280 484 1342 maiestatis
498 1279 649 1341 Romanae
669 1279 795 1350 intueri,
818 1287 847 1341 et
862 1281 1010 1358 primores
1027 1287 1143 1358 patrum
1158 1280 1202 1340 di-

247 1381 334 1442 gnam
356 1364 457 1426 dicere
479 1365 647 1425 contionem
673 1364 800 1441 imperio
830 1362 994 1446 consulari,
1023 1364 1140 1441 dignam
1161 1371 1203 1424 tot
1271 1393 1272 1398 κ

247 1445 448 1508 consulatibus
470 1454 537 1509 ante
561 1449 651 1516 actis,
674 1446 792 1524 dignam
812 1448 869 1507 vita
886 1448 980 1516 omni,
1002 1446 1090 1525 plena
1107 1447 1202 1508 hono·

211 1533 313 1591 4rum
327 1547 415 1608 saepe
437 1536 602 1607 gestorum,
626 1529 743 1608 saepius
764 1532 947 1593 meritorum.
978 1529 1050 1592 alios
1065 1530 1202 1592 eonsules

246 1621 296 1675 aut
315 1631 370 1691 per
390 1613 589 1692 proditionem
606 1613 754 1690 dignitatis
776 1621 893 1692 patmum
908 1611 989 1692 plebi
1004 1613 1137 1675 adulatos
1153 1623 1202 1676 aut
1271 1649 1272 1662 .

246 1697 353 1759 acerbe
371 1696 481 1758 tuendo
496 1698 562 1758 iura
577 1697 689 1758 ordinis
703 1698 887 1776 asperiorem
902 1697 1049 1759 domando
1071 1696 1202 1757 mrdtitn-
1271 1733 1272 1752 r

246 1782 345 1844 dinem
375 1781 496 1842 iecisse:
528 1781 626 1841 'litum
651 1779 819 1849 Quinctium
848 1781 1013 1843 orationem
1039 1798 1201 1842 memorem
1271 1771 1272 1846 l

246 1865 405 1925 maiestatis
415 1871 532 1942 patrum
548 1863 784 1941 concordiaeque
799 1863 937 1924 ordinum
950 1872 979 1926 et
988 1871 1155 1943 temporum
1171 1866 1202 1924 in
1271 1921 1272 1932 ,

209 1951 228 2004 o
245 1948 349 2026 primis
366 1946 514 2010 habuisse.
538 1964 624 2008 orare
641 1964 708 2008 eum
724 1946 941 2024 collegamque,
962 1955 995 2008 ut
1013 1958 1203 2027 capesserent
1271 1949 1272 1962 ¹

244 2047 309 2092 rem
324 2029 489 2108 publicama
507 2049 593 2092 orare
608 2029 757 2101 triburms,
774 2037 807 2090 ut
819 2048 879 2090 uno
895 2032 994 2092 animo
1011 2049 1079 2092 cum
1094 2049 1202 2092 consu·

245 2113 322 2174 libus
336 2111 448 2174 bellum
463 2113 500 2175 ab
511 2113 586 2176 urbe
601 2131 635 2174 ao
649 2113 805 2176 moenibus
815 2113 984 2192 propulsari
998 2113 1123 2185 vellent,
1138 2115 1203 2193 ple·

244 2195 373 2274 bamque
392 2195 597 2259 oboedientem
613 2199 644 2256 in
658 2205 765 2258 ratam
787 2198 901 2275 trepida
921 2196 1055 2276 patribus
1077 2197 1202 2276 praebe·

245 2286 327 2347 rent;
345 2277 495 2358 appellare
511 2279 645 2342 tribunos
659 2297 846 2342 communem
861 2283 986 2360 patriam
1001 2281 1202 2360 auxiliumque

246 2379 349 2423 eorum
375 2361 525 2442 inplorare
549 2365 665 2426 vastatis
685 2365 779 2442 agris,
808 2364 883 2426 urbe
905 2383 1001 2444 prope
1022 2375 1201 2445 oppugnata.
1271 2369 1272 2428 l

208 2445 391 2509 tconsensu
418 2450 549 2510 omnium
573 2447 697 2510 dilectus
719 2448 889 2509 decernitur
908 2447 1102 2526 habeturque.
1132 2467 1203 2511 cum

244 2529 380 2592 consides
395 2532 426 2592 in
444 2533 581 2594 contione
594 2533 834 2610 pronuntiassent
846 2540 961 2612 tempus
976 2551 1036 2594 non
1051 2552 1116 2596 esse
1131 2551 1203 2594 cau·
1271 2541 1272 2596 l

244 2633 291 2676 sas
306 2616 519 2692 cognoscendi,
543 2632 646 2676 omnes
665 2616 797 2686 iuniores
818 2623 938 2695 postero
961 2617 1008 2680 die
1022 2619 1117 2696 prima
1132 2615 1203 2680 luce
1271 2661 1272 2696 3

209 2700 275 2758 ain
297 2715 400 2776 campo
422 2698 526 2758 Martio
554 2695 705 2768 adessent,
732 2701 946 2778 cognoscendis
965 2703 1061 2764 causis
1085 2719 1201 2771 eorum,

244 2782 294 2858 qui
309 2782 429 2841 nomina
446 2798 506 2841 non
521 2780 684 2853 dedissent,
701 2781 780 2843 bello
795 2783 927 2862 perlecto
943 2803 975 2846 se
991 2785 1109 2846 daturos
1123 2791 1202 2846 tern-

243 2881 313 2943 pus,
331 2880 386 2942 pro
399 2864 549 2928 desertore
560 2866 705 2937 loturum,
719 2867 802 2928 cuius
813 2884 873 2928 non
883 2866 1060 2946 probassent
1070 2886 1201 2938 causam,
1271 2919 1272 2928 ,

208 2951 225 3002 θ
244 2948 339 3007 omnis
354 2948 489 3010 inventus
503 2949 595 3013 adluit
608 2957 727 3027 postero
744 2950 801 3012 die.
832 2951 970 3014 cohortes
991 2950 1048 3013 sibi
1063 2969 1202 3029 quaeque
1271 2951 1272 2992 ³

244 3033 433 3094 centuriones
452 3031 603 3112 legerunt,
623 3032 686 3095 bini
706 3040 857 3096 senatores
880 3035 1004 3113 singulis
1024 3035 1202 3096 cohortibus
1271 3035 1272 3070 ³

242 3116 413 3194 praepositi.
441 3115 515 3180 haec
536 3118 633 3180 omnia
650 3118 724 3179 adeo
739 3125 853 3179 mature
867 3119 998 3196 perlecta
1015 3115 1201 3197 accepimus,

243 3206 276 3260 nt
297 3200 382 3278 signa
403 3218 438 3262 eo
457 3202 521 3281 ipso
542 3201 589 3262 die
610 3220 626 3262 a
648 3201 854 3279 quaestoribus
869 3220 905 3264 ex
922 3204 1038 3264 aerario
1060 3209 1202 3281 prompta

243 3281 397 3360 delataque
416 3285 448 3346 in
472 3302 607 3364 campum
627 3291 731 3363 quarta
752 3284 812 3347 diei
833 3285 907 3347 hora
929 3293 1008 3346 mota
1030 3305 1067 3348 ex
1090 3301 1202 3362 campo

242 3364 315 3434 sint,
337 3370 540 3446 exercitusque
559 3386 652 3431 novus
668 3371 769 3448 paucis
787 3369 958 3432 cohortibus
972 3376 1104 3431 veterum
1119 3366 1202 3428 mili·

242 3451 303 3508 turn
319 3447 463 3512 voluntate
478 3453 667 3532 sequentibus
681 3455 820 3516 manserit
837 3453 872 3516 ad
894 3453 1041 3514 decimum
1057 3450 1191 3530 lapidem
