<?xml version="1.0" encoding="UTF-8"?>
<!DOCTYPE html PUBLIC "-//W3C//DTD XHTML 1.0 Transitional//EN"
    "http://www.w3.org/TR/xhtml1/DTD/xhtml1-transitional.dtd">
<html xmlns="http://www.w3.org/1999/xhtml" xml:lang="en" lang="en">
 <head>
  <title>
</title>
<meta http-equiv="Content-Type" content="text/html;charset=utf-8" />
  <meta name='ocr-system' content='tesseract 3.04.00' />
  <meta name='ocr-capabilities' content='ocr_page ocr_carea ocr_par ocr_line ocrx_word'/>
</head>
<body>
  <div class='ocr_page' id='page_1' title='image "./aburbeconditali01rossgoog_0208.png"; bbox 0 0 2572 3956; ppageno 0'>
   <div class='ocr_carea' id='block_1_1' title="bbox 207 210 965 296">
    <p class='ocr_par' dir='ltr' id='par_1_1' title="bbox 207 210 965 296">
     <span class='ocr_line' id='line_1_1' title="bbox 207 210 965 296; baseline 0.009 -26"><span class='ocrx_word' id='word_1_1' title='bbox 207 215 247 278; x_wconf 82' lang='grc'><strong>68</strong></span> <span class='ocrx_word' id='word_1_2' title='bbox 414 231 509 272; x_wconf 77' lang='lat' dir='ltr'><strong>umen</strong></span> <span class='ocrx_word' id='word_1_3' title='bbox 526 231 561 271; x_wconf 86' lang='lat' dir='ltr'><strong>rr.</strong></span> <span class='ocrx_word' id='word_1_4' title='bbox 585 231 655 274; x_wconf 73' lang='lat' dir='ltr'><strong>cnr.</strong></span> <span class='ocrx_word' id='word_1_5' title='bbox 670 224 696 276; x_wconf 81' lang='grc'><strong>5.·</strong></span> <span class='ocrx_word' id='word_1_6' title='bbox 712 221 738 276; x_wconf 86' lang='grc'><strong>6.</strong></span> <span class='ocrx_word' id='word_1_7' title='bbox 760 211 800 294; x_wconf 81' lang='lat' dir='ltr'><strong>[a.</strong></span> <span class='ocrx_word' id='word_1_8' title='bbox 816 234 845 275; x_wconf 84' lang='lat' dir='ltr'><strong>u.</strong></span> <span class='ocrx_word' id='word_1_9' title='bbox 861 233 886 272; x_wconf 87' lang='lat' dir='ltr'><strong>e.</strong></span> <span class='ocrx_word' id='word_1_10' title='bbox 901 210 965 296; x_wconf 72' lang='lat'><strong>245]</strong></span> 
     </span>
    </p>
   </div>
   <div class='ocr_carea' id='block_1_2' title="bbox 170 377 1162 460">
    <p class='ocr_par' dir='ltr' id='par_1_2' title="bbox 170 333 1280 460">
     <span class='ocr_line' id='line_1_2' title="bbox 170 377 1162 460; baseline -0.012 -15"><span class='ocrx_word' id='word_1_11' title='bbox 170 384 317 445; x_wconf 78' lang='lat' dir='ltr'><strong>tessent:</strong></span> <span class='ocrx_word' id='word_1_12' title='bbox 340 377 407 440; x_wconf 91' lang='lat' dir='ltr'><strong>illos</strong></span> <span class='ocrx_word' id='word_1_13' title='bbox 429 395 465 440; x_wconf 91' lang='lat' dir='ltr'><strong>eo</strong></span> <span class='ocrx_word' id='word_1_14' title='bbox 488 379 672 458; x_wconf 82' lang='lat' dir='ltr'><strong>pot‘rssirnum</strong></span> <span class='ocrx_word' id='word_1_15' title='bbox 689 393 766 438; x_wconf 88' lang='lat' dir='ltr'><strong>enuo</strong></span> <span class='ocrx_word' id='word_1_16' title='bbox 782 380 908 458; x_wconf 78' lang='lat' dir='ltr'><strong>patrium</strong></span> <span class='ocrx_word' id='word_1_17' title='bbox 922 379 1092 450; x_wconf 73' lang='lat' dir='ltr'><strong>liberatam,</strong></span> <span class='ocrx_word' id='word_1_18' title='bbox 1107 397 1162 460; x_wconf 75' lang='lat' dir='ltr'><strong>pe·</strong></span> 
     </span>
    </p>
   </div>
   <div class='ocr_carea' id='block_1_3' title="bbox 201 459 1280 624">
    <p class='ocr_par' dir='ltr' id='par_1_3' title="bbox 201 457 1280 624">
     <span class='ocr_line' id='line_1_3' title="bbox 201 459 1161 540; baseline -0.009 -18"><span class='ocrx_word' id='word_1_19' title='bbox 201 469 281 524; x_wconf 87' lang='lat' dir='ltr'><strong>trem</strong></span> <span class='ocrx_word' id='word_1_20' title='bbox 298 461 503 531; x_wconf 71' lang='lat' dir='ltr'><strong>liberatorem,</strong></span> <span class='ocrx_word' id='word_1_21' title='bbox 525 459 709 522; x_wconf 77' lang='lat' dir='ltr'><strong>consulatum</strong></span> <span class='ocrx_word' id='word_1_22' title='bbox 726 469 824 522; x_wconf 87' lang='lat' dir='ltr'><strong>ortum</strong></span> <span class='ocrx_word' id='word_1_23' title='bbox 839 481 876 524; x_wconf 83' lang='lat' dir='ltr'><strong>ex</strong></span> <span class='ocrx_word' id='word_1_24' title='bbox 891 462 978 523; x_wconf 83' lang='lat' dir='ltr'><strong>domo</strong></span> <span class='ocrx_word' id='word_1_25' title='bbox 992 461 1090 531; x_wconf 89' lang='lat' dir='ltr'><strong>lunia,</strong></span> <span class='ocrx_word' id='word_1_26' title='bbox 1106 480 1161 540; x_wconf 85' lang='lat' dir='ltr'><strong>pa.</strong></span> 
     </span>
     <span class='ocr_line' id='line_1_4' title="bbox 203 543 1280 624; baseline -0.005 -18"><span class='ocrx_word' id='word_1_27' title='bbox 203 551 274 615; x_wconf 86' lang='lat' dir='ltr'><strong>tres,</strong></span> <span class='ocrx_word' id='word_1_28' title='bbox 288 545 421 624; x_wconf 78' lang='lat' dir='ltr'>plebem,</span> <span class='ocrx_word' id='word_1_29' title='bbox 437 543 579 622; x_wconf 84' lang='lat' dir='ltr'><strong>quidquid</strong></span> <span class='ocrx_word' id='word_1_30' title='bbox 595 544 718 606; x_wconf 79' lang='lat' dir='ltr'><strong>demum</strong></span> <span class='ocrx_word' id='word_1_31' title='bbox 733 545 944 623; x_wconf 75' lang='lat' dir='ltr'><strong>hominumque</strong></span> <span class='ocrx_word' id='word_1_32' title='bbox 958 545 1160 606; x_wconf 72' lang='lat' dir='ltr'><strong>Romanorum</strong></span> <span class='ocrx_word' id='word_1_33' title='bbox 1279 545 1280 584; x_wconf 66' lang='lat' dir='ltr'><strong>l</strong></span> 
     </span>
    </p>
   </div>
   <div class='ocr_carea' id='block_1_4' title="bbox 155 627 1161 2538">
    <p class='ocr_par' dir='ltr' id='par_1_4' title="bbox 204 627 1159 706">
     <span class='ocr_line' id='line_1_5' title="bbox 204 627 1159 706; baseline -0.003 -16"><span class='ocrx_word' id='word_1_34' title='bbox 204 637 290 698; x_wconf 85' lang='lat' dir='ltr'><strong>esset,</strong></span> <span class='ocrx_word' id='word_1_35' title='bbox 303 629 497 690; x_wconf 77' lang='lat' dir='ltr'><strong>induxissem</strong></span> <span class='ocrx_word' id='word_1_36' title='bbox 509 629 647 698; x_wconf 75' lang='lat' dir='ltr'><strong>animum,</strong></span> <span class='ocrx_word' id='word_1_37' title='bbox 662 635 696 688; x_wconf 85' lang='lat' dir='ltr'><strong>ut</strong></span> <span class='ocrx_word' id='word_1_38' title='bbox 706 627 836 705; x_wconf 81' lang='lat' dir='ltr'><strong>superbo</strong></span> <span class='ocrx_word' id='word_1_39' title='bbox 848 629 995 705; x_wconf 81' lang='lat' dir='ltr'><strong>qrrourlom</strong></span> <span class='ocrx_word' id='word_1_40' title='bbox 1007 629 1079 706; x_wconf 81' lang='lat' dir='ltr'><strong>regi,</strong></span> <span class='ocrx_word' id='word_1_41' title='bbox 1095 635 1159 688; x_wconf 85' lang='lat' dir='ltr'><strong>tum</strong></span> 
     </span>
    </p>

    <p class='ocr_par' dir='ltr' id='par_1_5' title="bbox 170 711 1160 1040">
     <span class='ocr_line' id='line_1_6' title="bbox 170 711 1160 791; baseline 0.003 -20"><span class='ocrx_word' id='word_1_42' title='bbox 170 714 311 782; x_wconf 72' lang='lat' dir='ltr'><strong>sinlesto</strong></span> <span class='ocrx_word' id='word_1_43' title='bbox 334 711 415 774; x_wconf 85' lang='lat' dir='ltr'><strong>exuli</strong></span> <span class='ocrx_word' id='word_1_44' title='bbox 440 711 610 790; x_wconf 84' lang='lat' dir='ltr'><strong>proderent.</strong></span> <span class='ocrx_word' id='word_1_45' title='bbox 639 711 779 772; x_wconf 83' lang='lat' dir='ltr'><strong>eonsules</strong></span> <span class='ocrx_word' id='word_1_46' title='bbox 806 713 837 770; x_wconf 89' lang='lat' dir='ltr'><strong>in</strong></span> <span class='ocrx_word' id='word_1_47' title='bbox 858 712 959 772; x_wconf 86' lang='lat' dir='ltr'><strong>sedem</strong></span> <span class='ocrx_word' id='word_1_48' title='bbox 984 726 1160 791; x_wconf 77' lang='lat' dir='ltr'><strong>processere</strong></span> 
     </span>
     <span class='ocr_line' id='line_1_7' title="bbox 204 793 1160 872; baseline -0.001 -15"><span class='ocrx_word' id='word_1_49' title='bbox 204 813 301 866; x_wconf 90' lang='lat' dir='ltr'><strong>suam,</strong></span> <span class='ocrx_word' id='word_1_50' title='bbox 323 797 465 872; x_wconf 79' lang='lat' dir='ltr'><strong>missique</strong></span> <span class='ocrx_word' id='word_1_51' title='bbox 479 794 598 855; x_wconf 77' lang='lat' dir='ltr'><strong>lictores</strong></span> <span class='ocrx_word' id='word_1_52' title='bbox 610 793 645 855; x_wconf 85' lang='lat' dir='ltr'><strong>ed</strong></span> <span class='ocrx_word' id='word_1_53' title='bbox 661 793 835 855; x_wconf 80' lang='lat' dir='ltr'><strong>sumendum</strong></span> <span class='ocrx_word' id='word_1_54' title='bbox 850 794 1036 872; x_wconf 86' lang='lat' dir='ltr'><strong>supplicium.</strong></span> <span class='ocrx_word' id='word_1_55' title='bbox 1065 796 1160 856; x_wconf 86' lang='lat' dir='ltr'><strong>nuda·</strong></span> 
     </span>
     <span class='ocr_line' id='line_1_8' title="bbox 202 877 1159 956; baseline 0.001 -17"><span class='ocrx_word' id='word_1_56' title='bbox 202 885 249 940; x_wconf 88' lang='lat' dir='ltr'><strong>tos</strong></span> <span class='ocrx_word' id='word_1_57' title='bbox 266 879 355 956; x_wconf 79' lang='lat' dir='ltr'><strong>uirgis</strong></span> <span class='ocrx_word' id='word_1_58' title='bbox 370 879 499 939; x_wconf 81' lang='lat' dir='ltr'><strong>eeedunt</strong></span> <span class='ocrx_word' id='word_1_59' title='bbox 511 881 669 954; x_wconf 86' lang='lat' dir='ltr'><strong>securique</strong></span> <span class='ocrx_word' id='word_1_60' title='bbox 680 877 800 946; x_wconf 79' lang='lat' dir='ltr'><strong>leniunt,</strong></span> <span class='ocrx_word' id='word_1_61' title='bbox 815 893 883 938; x_wconf 87' lang='lat' dir='ltr'><strong>cum</strong></span> <span class='ocrx_word' id='word_1_62' title='bbox 897 879 974 939; x_wconf 87' lang='lat' dir='ltr'><strong>inter</strong></span> <span class='ocrx_word' id='word_1_63' title='bbox 986 895 1072 940; x_wconf 86' lang='lat' dir='ltr'><strong>omne</strong></span> <span class='ocrx_word' id='word_1_64' title='bbox 1083 886 1159 940; x_wconf 85' lang='lat' dir='ltr'><strong>tem·</strong></span> 
     </span>
     <span class='ocr_line' id='line_1_9' title="bbox 202 958 1160 1040; baseline 0.001 -18"><span class='ocrx_word' id='word_1_65' title='bbox 202 979 259 1040; x_wconf 85' lang='lat' dir='ltr'><strong>pus</strong></span> <span class='ocrx_word' id='word_1_66' title='bbox 278 970 362 1040; x_wconf 86' lang='lat' dir='ltr'><strong>pater</strong></span> <span class='ocrx_word' id='word_1_67' title='bbox 381 961 536 1040; x_wconf 78' lang='lat' dir='ltr'><strong>multusque</strong></span> <span class='ocrx_word' id='word_1_68' title='bbox 555 969 586 1022; x_wconf 86' lang='lat' dir='ltr'><strong>et</strong></span> <span class='ocrx_word' id='word_1_69' title='bbox 608 979 642 1022; x_wconf 88' lang='lat' dir='ltr'><strong>os</strong></span> <span class='ocrx_word' id='word_1_70' title='bbox 660 964 723 1022; x_wconf 89' lang='lat' dir='ltr'><strong>eius</strong></span> <span class='ocrx_word' id='word_1_71' title='bbox 736 958 904 1039; x_wconf 83' lang='lat' dir='ltr'><strong>spectaculo</strong></span> <span class='ocrx_word' id='word_1_72' title='bbox 919 969 997 1023; x_wconf 83' lang='lat' dir='ltr'><strong>esset</strong></span> <span class='ocrx_word' id='word_1_73' title='bbox 1012 964 1160 1023; x_wconf 76' lang='lat' dir='ltr'><strong>eminente</strong></span> 
     </span>
    </p>

    <p class='ocr_par' dir='ltr' id='par_1_6' title="bbox 170 1042 1159 1373">
     <span class='ocr_line' id='line_1_10' title="bbox 170 1042 1158 1123; baseline -0.001 -18"><span class='ocrx_word' id='word_1_74' title='bbox 170 1046 303 1114; x_wconf 76' lang='lat' dir='ltr'><strong>semme</strong></span> <span class='ocrx_word' id='word_1_75' title='bbox 318 1045 414 1123; x_wconf 85' lang='lat' dir='ltr'><strong>patrio</strong></span> <span class='ocrx_word' id='word_1_76' title='bbox 436 1047 514 1105; x_wconf 88' lang='lat' dir='ltr'><strong>inter</strong></span> <span class='ocrx_word' id='word_1_77' title='bbox 531 1042 668 1122; x_wconf 73' lang='lat' dir='ltr'><strong>pullione</strong></span> <span class='ocrx_word' id='word_1_78' title='bbox 685 1061 799 1122; x_wconf 86' lang='lat' dir='ltr'><strong>poenae</strong></span> <span class='ocrx_word' id='word_1_79' title='bbox 813 1045 1017 1105; x_wconf 86' lang='lat' dir='ltr'><strong>ministerium.</strong></span> <span class='ocrx_word' id='word_1_80' title='bbox 1044 1045 1158 1106; x_wconf 78' lang='lat' dir='ltr'><strong>Secun-</strong></span> 
     </span>
     <span class='ocr_line' id='line_1_11' title="bbox 204 1128 1159 1207; baseline 0.002 -19"><span class='ocrx_word' id='word_1_81' title='bbox 204 1129 274 1188; x_wconf 83' lang='lat' dir='ltr'><strong>dum</strong></span> <span class='ocrx_word' id='word_1_82' title='bbox 289 1145 415 1207; x_wconf 82' lang='lat' dir='ltr'><strong>poenam</strong></span> <span class='ocrx_word' id='word_1_83' title='bbox 433 1129 619 1198; x_wconf 87' lang='lat' dir='ltr'><strong>nocentium,</strong></span> <span class='ocrx_word' id='word_1_84' title='bbox 634 1128 712 1186; x_wconf 87' lang='lat' dir='ltr'><strong>utin</strong></span> <span class='ocrx_word' id='word_1_85' title='bbox 725 1134 879 1206; x_wconf 88' lang='lat' dir='ltr'><strong>utramque</strong></span> <span class='ocrx_word' id='word_1_86' title='bbox 894 1135 1008 1206; x_wconf 80' lang='lat' dir='ltr'><strong>partem</strong></span> <span class='ocrx_word' id='word_1_87' title='bbox 1022 1129 1159 1190; x_wconf 76' lang='lat' dir='ltr'><strong>arcendis</strong></span> 
     </span>
     <span class='ocr_line' id='line_1_12' title="bbox 205 1209 1156 1289; baseline 0 -17"><span class='ocrx_word' id='word_1_88' title='bbox 205 1210 368 1273; x_wconf 82' lang='lat' dir='ltr'><strong>sceleribus</strong></span> <span class='ocrx_word' id='word_1_89' title='bbox 391 1209 558 1289; x_wconf 74' lang='lat' dir='ltr'><strong>exemplum</strong></span> <span class='ocrx_word' id='word_1_90' title='bbox 582 1209 684 1272; x_wconf 80' lang='lat' dir='ltr'><strong>nolrlle</strong></span> <span class='ocrx_word' id='word_1_91' title='bbox 705 1217 798 1280; x_wconf 86' lang='lat' dir='ltr'><strong>esset,</strong></span> <span class='ocrx_word' id='word_1_92' title='bbox 821 1211 986 1288; x_wconf 85' lang='lat' dir='ltr'><strong>praemium</strong></span> <span class='ocrx_word' id='word_1_93' title='bbox 999 1211 1091 1272; x_wconf 87' lang='lat' dir='ltr'><strong>indici</strong></span> <span class='ocrx_word' id='word_1_94' title='bbox 1105 1225 1156 1289; x_wconf 85' lang='lat' dir='ltr'><strong>pe·</strong></span> 
     </span>
     <span class='ocr_line' id='line_1_13' title="bbox 204 1292 1157 1373; baseline -0.002 -17"><span class='ocrx_word' id='word_1_95' title='bbox 204 1297 291 1356; x_wconf 89' lang='lat' dir='ltr'><strong>cunia</strong></span> <span class='ocrx_word' id='word_1_96' title='bbox 316 1311 352 1356; x_wconf 83' lang='lat' dir='ltr'><strong>ex</strong></span> <span class='ocrx_word' id='word_1_97' title='bbox 371 1296 486 1356; x_wconf 85' lang='lat' dir='ltr'><strong>aerario</strong></span> <span class='ocrx_word' id='word_1_98' title='bbox 498 1292 622 1356; x_wconf 70' lang='lat' dir='ltr'><strong>libertas</strong></span> <span class='ocrx_word' id='word_1_99' title='bbox 642 1300 672 1354; x_wconf 87' lang='lat' dir='ltr'><strong>et</strong></span> <span class='ocrx_word' id='word_1_100' title='bbox 686 1294 786 1354; x_wconf 78' lang='lat' dir='ltr'><strong>nutas</strong></span> <span class='ocrx_word' id='word_1_101' title='bbox 799 1293 876 1355; x_wconf 15' lang='lat' dir='ltr'><strong>tuae.</strong></span> <span class='ocrx_word' id='word_1_102' title='bbox 906 1293 957 1355; x_wconf 78' lang='lat' dir='ltr'><strong>ille</strong></span> <span class='ocrx_word' id='word_1_103' title='bbox 970 1297 1099 1373; x_wconf 78' lang='lat' dir='ltr'><strong>primurm</strong></span> <span class='ocrx_word' id='word_1_104' title='bbox 1113 1295 1157 1355; x_wconf 75' lang='lat' dir='ltr'><strong>sli-</strong></span> 
     </span>
    </p>

    <p class='ocr_par' dir='ltr' id='par_1_7' title="bbox 155 1375 1161 1707">
     <span class='ocr_line' id='line_1_14' title="bbox 155 1375 1159 1455; baseline -0.004 -11"><span class='ocrx_word' id='word_1_105' title='bbox 155 1391 187 1444; x_wconf 86' lang='lat'><strong>10</strong></span> <span class='ocrx_word' id='word_1_106' title='bbox 204 1380 281 1439; x_wconf 74' lang='lat' dir='ltr'><strong>etur</strong></span> <span class='ocrx_word' id='word_1_107' title='bbox 294 1378 422 1438; x_wconf 72' lang='lat' dir='ltr'><strong>mnditia</strong></span> <span class='ocrx_word' id='word_1_108' title='bbox 437 1377 587 1439; x_wconf 79' lang='lat' dir='ltr'><strong>liberatus.</strong></span> <span class='ocrx_word' id='word_1_109' title='bbox 618 1376 737 1454; x_wconf 70' lang='lat' dir='ltr'><strong>qudam</strong></span> <span class='ocrx_word' id='word_1_110' title='bbox 756 1375 901 1437; x_wconf 68' lang='lat' dir='ltr'><strong>modiciae</strong></span> <span class='ocrx_word' id='word_1_111' title='bbox 918 1393 1035 1455; x_wconf 88' lang='lat' dir='ltr'><strong>quoque</strong></span> <span class='ocrx_word' id='word_1_112' title='bbox 1048 1395 1159 1440; x_wconf 86' lang='lat' dir='ltr'><strong>nomen</strong></span> 
     </span>
     <span class='ocr_line' id='line_1_15' title="bbox 204 1459 1161 1540; baseline 0.001 -18"><span class='ocrx_word' id='word_1_113' title='bbox 204 1468 329 1523; x_wconf 86' lang='lat' dir='ltr'><strong>tractum</strong></span> <span class='ocrx_word' id='word_1_114' title='bbox 350 1460 453 1521; x_wconf 87' lang='lat' dir='ltr'><strong>abillo</strong></span> <span class='ocrx_word' id='word_1_115' title='bbox 469 1466 589 1538; x_wconf 79' lang='lat' dir='ltr'><strong>putant3</strong></span> <span class='ocrx_word' id='word_1_116' title='bbox 610 1459 745 1519; x_wconf 86' lang='lat' dir='ltr'><strong>Vindicio</strong></span> <span class='ocrx_word' id='word_1_117' title='bbox 761 1459 819 1538; x_wconf 89' lang='lat' dir='ltr'><strong>ipsi</strong></span> <span class='ocrx_word' id='word_1_118' title='bbox 838 1476 948 1521; x_wconf 91' lang='lat' dir='ltr'><strong>nomen</strong></span> <span class='ocrx_word' id='word_1_119' title='bbox 962 1461 1062 1522; x_wconf 76' lang='lat' dir='ltr'><strong>lmese.</strong></span> <span class='ocrx_word' id='word_1_120' title='bbox 1091 1469 1161 1540; x_wconf 82' lang='lat' dir='ltr'><strong>post</strong></span> 
     </span>
     <span class='ocr_line' id='line_1_16' title="bbox 201 1539 1158 1621; baseline -0.001 -16"><span class='ocrx_word' id='word_1_121' title='bbox 201 1543 289 1605; x_wconf 82' lang='lat' dir='ltr'><strong>illum</strong></span> <span class='ocrx_word' id='word_1_122' title='bbox 304 1543 507 1612; x_wconf 76' lang='lat' dir='ltr'><strong>obseruatum,</strong></span> <span class='ocrx_word' id='word_1_123' title='bbox 530 1548 562 1603; x_wconf 92' lang='lat' dir='ltr'><strong>ut</strong></span> <span class='ocrx_word' id='word_1_124' title='bbox 584 1539 636 1621; x_wconf 85' lang='lat' dir='ltr'><strong>qui</strong></span> <span class='ocrx_word' id='word_1_125' title='bbox 651 1545 692 1603; x_wconf 79' lang='lat' dir='ltr'><strong>ita</strong></span> <span class='ocrx_word' id='word_1_126' title='bbox 705 1540 823 1603; x_wconf 85' lang='lat' dir='ltr'><strong>liberati</strong></span> <span class='ocrx_word' id='word_1_127' title='bbox 835 1551 949 1614; x_wconf 87' lang='lat' dir='ltr'><strong>esseut,</strong></span> <span class='ocrx_word' id='word_1_128' title='bbox 967 1545 999 1604; x_wconf 84' lang='lat' dir='ltr'><strong>ln</strong></span> <span class='ocrx_word' id='word_1_129' title='bbox 1012 1545 1158 1606; x_wconf 84' lang='lat' dir='ltr'><strong>civitatem</strong></span> 
     </span>
     <span class='ocr_line' id='line_1_17' title="bbox 205 1627 513 1707; baseline 0.006 -19"><span class='ocrx_word' id='word_1_130' title='bbox 205 1629 318 1707; x_wconf 87' lang='lat' dir='ltr'><strong>aceeptl</strong></span> <span class='ocrx_word' id='word_1_131' title='bbox 333 1627 513 1690; x_wconf 75' lang='lat' dir='ltr'><strong>viderentur.</strong></span> 
     </span>
    </p>

    <p class='ocr_par' dir='ltr' id='par_1_8' title="bbox 172 1709 1157 2040">
     <span class='ocr_line' id='line_1_18' title="bbox 172 1709 1157 1788; baseline -0.001 -16"><span class='ocrx_word' id='word_1_132' title='bbox 172 1729 185 1779; x_wconf 88' lang='lat'>1</span> <span class='ocrx_word' id='word_1_133' title='bbox 264 1711 310 1772; x_wconf 87' lang='lat' dir='ltr'><strong>vt</strong></span> <span class='ocrx_word' id='word_1_134' title='bbox 336 1711 393 1772; x_wconf 78' lang='lat' dir='ltr'><strong>&#39;llis</strong></span> <span class='ocrx_word' id='word_1_135' title='bbox 413 1712 491 1772; x_wconf 85' lang='lat' dir='ltr'><strong>sieut</strong></span> <span class='ocrx_word' id='word_1_136' title='bbox 511 1717 575 1772; x_wconf 84' lang='lat' dir='ltr'><strong>aeta</strong></span> <span class='ocrx_word' id='word_1_137' title='bbox 597 1717 682 1772; x_wconf 82' lang='lat' dir='ltr'><strong>eraut</strong></span> <span class='ocrx_word' id='word_1_138' title='bbox 703 1709 844 1770; x_wconf 83' lang='lat' dir='ltr'><strong>rmntietis</strong></span> <span class='ocrx_word' id='word_1_139' title='bbox 867 1709 1007 1773; x_wconf 84' lang='lat' dir='ltr'><strong>incensus</strong></span> <span class='ocrx_word' id='word_1_140' title='bbox 1032 1711 1157 1788; x_wconf 81' lang='lat' dir='ltr'><strong>Tarqui·</strong></span> 
     </span>
     <span class='ocr_line' id='line_1_19' title="bbox 204 1792 1157 1872; baseline 0.001 -18"><span class='ocrx_word' id='word_1_141' title='bbox 204 1796 271 1855; x_wconf 85' lang='lat' dir='ltr'><strong>nius</strong></span> <span class='ocrx_word' id='word_1_142' title='bbox 287 1811 348 1854; x_wconf 89' lang='lat' dir='ltr'><strong>non</strong></span> <span class='ocrx_word' id='word_1_143' title='bbox 364 1793 467 1856; x_wconf 87' lang='lat' dir='ltr'><strong>tlolore</strong></span> <span class='ocrx_word' id='word_1_144' title='bbox 480 1792 576 1856; x_wconf 87' lang='lat' dir='ltr'><strong>solum</strong></span> <span class='ocrx_word' id='word_1_145' title='bbox 588 1801 686 1855; x_wconf 77' lang='lat' dir='ltr'><strong>uncae</strong></span> <span class='ocrx_word' id='word_1_146' title='bbox 702 1793 740 1854; x_wconf 82' lang='lat' dir='ltr'><strong>at</strong></span> <span class='ocrx_word' id='word_1_147' title='bbox 756 1793 876 1853; x_wconf 88' lang='lat' dir='ltr'><strong>inritum</strong></span> <span class='ocrx_word' id='word_1_148' title='bbox 889 1792 1019 1855; x_wconf 80' lang='lat' dir='ltr'><strong>cadentis</strong></span> <span class='ocrx_word' id='word_1_149' title='bbox 1031 1797 1095 1872; x_wconf 90' lang='lat' dir='ltr'><strong>spei</strong></span> <span class='ocrx_word' id='word_1_150' title='bbox 1106 1795 1157 1856; x_wconf 73' lang='lat' dir='ltr'><strong>secl</strong></span> 
     </span>
     <span class='ocr_line' id='line_1_20' title="bbox 205 1874 1153 1956; baseline -0.001 -16"><span class='ocrx_word' id='word_1_151' title='bbox 205 1878 293 1940; x_wconf 84' lang='lat' dir='ltr'><strong>etiam</strong></span> <span class='ocrx_word' id='word_1_152' title='bbox 315 1877 383 1938; x_wconf 90' lang='lat' dir='ltr'><strong>odio</strong></span> <span class='ocrx_word' id='word_1_153' title='bbox 401 1879 520 1956; x_wconf 85' lang='lat' dir='ltr'><strong>ireque,</strong></span> <span class='ocrx_word' id='word_1_154' title='bbox 542 1884 698 1956; x_wconf 81' lang='lat' dir='ltr'><strong>postquem</strong></span> <span class='ocrx_word' id='word_1_155' title='bbox 714 1874 788 1937; x_wconf 83' lang='lat' dir='ltr'><strong>tiolo</strong></span> <span class='ocrx_word' id='word_1_156' title='bbox 802 1877 878 1935; x_wconf 77' lang='lat' dir='ltr'><strong>riam</strong></span> <span class='ocrx_word' id='word_1_157' title='bbox 894 1874 1063 1955; x_wconf 73' lang='lat' dir='ltr'><strong>obsaeptam</strong></span> <span class='ocrx_word' id='word_1_158' title='bbox 1076 1877 1153 1943; x_wconf 80' lang='lat' dir='ltr'><strong>vluit,</strong></span> 
     </span>
     <span class='ocr_line' id='line_1_21' title="bbox 204 1957 1157 2040; baseline -0.001 -19"><span class='ocrx_word' id='word_1_159' title='bbox 204 1959 315 2023; x_wconf 85' lang='lat' dir='ltr'><strong>bellum</strong></span> <span class='ocrx_word' id='word_1_160' title='bbox 335 1970 436 2040; x_wconf 78' lang='lat' dir='ltr'><strong>aperte</strong></span> <span class='ocrx_word' id='word_1_161' title='bbox 457 1960 638 2023; x_wconf 84' lang='lat' dir='ltr'><strong>moliendum</strong></span> <span class='ocrx_word' id='word_1_162' title='bbox 661 1967 742 2021; x_wconf 88' lang='lat' dir='ltr'><strong>ratus</strong></span> <span class='ocrx_word' id='word_1_163' title='bbox 762 1957 920 2020; x_wconf 79' lang='lat' dir='ltr'><strong>eiremnire</strong></span> <span class='ocrx_word' id='word_1_164' title='bbox 935 1959 1057 2038; x_wconf 69' lang='lat' dir='ltr'><strong>supplex</strong></span> <span class='ocrx_word' id='word_1_165' title='bbox 1071 1959 1157 2022; x_wconf 84' lang='lat' dir='ltr'><strong>Etru·</strong></span> 
     </span>
    </p>

    <p class='ocr_par' dir='ltr' id='par_1_9' title="bbox 171 2042 1157 2456">
     <span class='ocr_line' id='line_1_22' title="bbox 171 2042 1157 2122; baseline 0 -18"><span class='ocrx_word' id='word_1_166' title='bbox 171 2064 188 2112; x_wconf 81' lang='lat'>2</span> <span class='ocrx_word' id='word_1_167' title='bbox 204 2046 267 2106; x_wconf 81' lang='lat' dir='ltr'><strong>riae</strong></span> <span class='ocrx_word' id='word_1_168' title='bbox 280 2043 380 2115; x_wconf 87' lang='lat' dir='ltr'><strong>urbes,</strong></span> <span class='ocrx_word' id='word_1_169' title='bbox 395 2061 484 2106; x_wconf 84' lang='lat' dir='ltr'><strong>orere</strong></span> <span class='ocrx_word' id='word_1_170' title='bbox 497 2061 634 2106; x_wconf 82' lang='lat' dir='ltr'><strong>maxume</strong></span> <span class='ocrx_word' id='word_1_171' title='bbox 650 2044 785 2105; x_wconf 84' lang='lat' dir='ltr'><strong>Veientes</strong></span> <span class='ocrx_word' id='word_1_172' title='bbox 799 2042 1101 2122; x_wconf 80' lang='lat' dir='ltr'><strong>Tarquiniensesque,</strong></span> <span class='ocrx_word' id='word_1_173' title='bbox 1119 2061 1157 2104; x_wconf 90' lang='lat' dir='ltr'><strong>ne</strong></span> 
     </span>
     <span class='ocr_line' id='line_1_23' title="bbox 205 2128 1157 2204; baseline -0.002 -15"><span class='ocrx_word' id='word_1_174' title='bbox 205 2147 245 2190; x_wconf 84' lang='lat' dir='ltr'><strong>se·</strong></span> <span class='ocrx_word' id='word_1_175' title='bbox 255 2135 361 2199; x_wconf 90' lang='lat' dir='ltr'><strong>ortum,</strong></span> <span class='ocrx_word' id='word_1_176' title='bbox 379 2128 510 2190; x_wconf 86' lang='lat' dir='ltr'><strong>eiusdem</strong></span> <span class='ocrx_word' id='word_1_177' title='bbox 524 2128 690 2204; x_wconf 82' lang='lat' dir='ltr'><strong>sanguinis,</strong></span> <span class='ocrx_word' id='word_1_178' title='bbox 709 2132 859 2188; x_wconf 72' lang='lat' dir='ltr'><strong>extorrem</strong></span> <span class='ocrx_word' id='word_1_179' title='bbox 872 2133 1009 2204; x_wconf 84' lang='lat' dir='ltr'><strong>egentem</strong></span> <span class='ocrx_word' id='word_1_180' title='bbox 1024 2143 1061 2187; x_wconf 83' lang='lat' dir='ltr'><strong>en</strong></span> <span class='ocrx_word' id='word_1_181' title='bbox 1076 2134 1157 2187; x_wconf 85' lang='lat' dir='ltr'><strong>teuto</strong></span> 
     </span>
     <span class='ocr_line' id='line_1_24' title="bbox 204 2207 1157 2289; baseline 0.001 -19"><span class='ocrx_word' id='word_1_182' title='bbox 204 2210 292 2272; x_wconf 89' lang='lat' dir='ltr'><strong>modo</strong></span> <span class='ocrx_word' id='word_1_183' title='bbox 309 2227 403 2289; x_wconf 85' lang='lat' dir='ltr'><strong>regno</strong></span> <span class='ocrx_word' id='word_1_184' title='bbox 424 2228 492 2271; x_wconf 88' lang='lat' dir='ltr'><strong>eum</strong></span> <span class='ocrx_word' id='word_1_185' title='bbox 511 2208 616 2271; x_wconf 81' lang='lat' dir='ltr'><strong>liberis</strong></span> <span class='ocrx_word' id='word_1_186' title='bbox 636 2207 875 2271; x_wconf 74' lang='lat' dir='ltr'><strong>adulescentibus</strong></span> <span class='ocrx_word' id='word_1_187' title='bbox 889 2215 956 2271; x_wconf 86' lang='lat' dir='ltr'><strong>ante</strong></span> <span class='ocrx_word' id='word_1_188' title='bbox 973 2208 1075 2270; x_wconf 85' lang='lat' dir='ltr'><strong>oeulos</strong></span> <span class='ocrx_word' id='word_1_189' title='bbox 1089 2226 1157 2271; x_wconf 86' lang='lat' dir='ltr'><strong>suos</strong></span> 
     </span>
     <span class='ocr_line' id='line_1_25' title="bbox 204 2291 1156 2372; baseline 0.001 -18"><span class='ocrx_word' id='word_1_190' title='bbox 204 2294 304 2372; x_wconf 83' lang='lat' dir='ltr'><strong>perire</strong></span> <span class='ocrx_word' id='word_1_191' title='bbox 319 2295 460 2354; x_wconf 85' lang='lat' dir='ltr'><strong>sinerent.</strong></span> <span class='ocrx_word' id='word_1_192' title='bbox 475 2291 550 2354; x_wconf 88' lang='lat' dir='ltr'><strong>alios</strong></span> <span class='ocrx_word' id='word_1_193' title='bbox 563 2309 691 2371; x_wconf 77' lang='lat' dir='ltr'><strong>peregre</strong></span> <span class='ocrx_word' id='word_1_194' title='bbox 708 2294 740 2352; x_wconf 88' lang='lat' dir='ltr'><strong>ln</strong></span> <span class='ocrx_word' id='word_1_195' title='bbox 755 2309 881 2370; x_wconf 80' lang='lat' dir='ltr'><strong>regnum</strong></span> <span class='ocrx_word' id='word_1_196' title='bbox 895 2291 1156 2361; x_wconf 70' lang='lat' dir='ltr'><strong>nemausenses:</strong></span> 
     </span>
     <span class='ocr_line' id='line_1_26' title="bbox 204 2373 1157 2456; baseline 0 -20"><span class='ocrx_word' id='word_1_197' title='bbox 204 2395 237 2437; x_wconf 85' lang='lat' dir='ltr'><strong>se</strong></span> <span class='ocrx_word' id='word_1_198' title='bbox 249 2393 361 2454; x_wconf 80' lang='lat' dir='ltr'><strong>regem,</strong></span> <span class='ocrx_word' id='word_1_199' title='bbox 374 2381 530 2456; x_wconf 76' lang='lat' dir='ltr'><strong>augentem</strong></span> <span class='ocrx_word' id='word_1_200' title='bbox 540 2373 620 2438; x_wconf 91' lang='lat' dir='ltr'><strong>bello</strong></span> <span class='ocrx_word' id='word_1_201' title='bbox 632 2376 798 2437; x_wconf 81' lang='lat' dir='ltr'><strong>llonranum</strong></span> <span class='ocrx_word' id='word_1_202' title='bbox 809 2377 975 2456; x_wconf 83' lang='lat' dir='ltr'><strong>imperium,</strong></span> <span class='ocrx_word' id='word_1_203' title='bbox 987 2393 1004 2436; x_wconf 88' lang='lat' dir='ltr'><strong>a</strong></span> <span class='ocrx_word' id='word_1_204' title='bbox 1014 2378 1157 2454; x_wconf 67' lang='lat' dir='ltr'><strong>menimis</strong></span> 
     </span>
    </p>

    <p class='ocr_par' dir='ltr' id='par_1_10' title="bbox 170 2458 1156 2538">
     <span class='ocr_line' id='line_1_27' title="bbox 170 2458 1156 2538; baseline -0.002 -18"><span class='ocrx_word' id='word_1_205' title='bbox 170 2480 186 2531; x_wconf 76' lang='lat'><strong>3</strong></span> <span class='ocrx_word' id='word_1_206' title='bbox 204 2458 345 2520; x_wconf 86' lang='lat' dir='ltr'><strong>scelerata</strong></span> <span class='ocrx_word' id='word_1_207' title='bbox 366 2460 570 2521; x_wconf 82' lang='lat' dir='ltr'><strong>coniuratloue</strong></span> <span class='ocrx_word' id='word_1_208' title='bbox 587 2459 716 2538; x_wconf 77' lang='lat' dir='ltr'><strong>pulsum.</strong></span> <span class='ocrx_word' id='word_1_209' title='bbox 745 2477 796 2521; x_wconf 89' lang='lat' dir='ltr'><strong>eos</strong></span> <span class='ocrx_word' id='word_1_210' title='bbox 809 2461 889 2520; x_wconf 86' lang='lat' dir='ltr'><strong>inter</strong></span> <span class='ocrx_word' id='word_1_211' title='bbox 909 2477 957 2529; x_wconf 88' lang='lat' dir='ltr'><strong>se,</strong></span> <span class='ocrx_word' id='word_1_212' title='bbox 980 2461 1048 2536; x_wconf 85' lang='lat' dir='ltr'><strong>qula</strong></span> <span class='ocrx_word' id='word_1_213' title='bbox 1070 2474 1156 2520; x_wconf 90' lang='lat' dir='ltr'><strong>nemo</strong></span> 
     </span>
    </p>
   </div>
   <div class='ocr_carea' id='block_1_5' title="bbox 204 2521 1279 2624">
    <p class='ocr_par' dir='ltr' id='par_1_11' title="bbox 204 2521 1279 2624">
     <span class='ocr_line' id='line_1_28' title="bbox 204 2521 1279 2624; baseline 0.003 -22"><span class='ocrx_word' id='word_1_214' title='bbox 204 2559 282 2603; x_wconf 86' lang='lat' dir='ltr'><strong>unus</strong></span> <span class='ocrx_word' id='word_1_215' title='bbox 304 2543 374 2604; x_wconf 86' lang='lat' dir='ltr'><strong>satis</strong></span> <span class='ocrx_word' id='word_1_216' title='bbox 395 2542 612 2621; x_wconf 26' lang='lat' dir='ltr'><strong>diguus-regno</strong></span> <span class='ocrx_word' id='word_1_217' title='bbox 632 2544 781 2612; x_wconf 71' lang='lat' dir='ltr'><strong>nistresis,</strong></span> <span class='ocrx_word' id='word_1_218' title='bbox 801 2548 901 2624; x_wconf 81' lang='lat' dir='ltr'><strong>partes</strong></span> <span class='ocrx_word' id='word_1_219' title='bbox 916 2545 1001 2620; x_wconf 75' lang='lat' dir='ltr'><strong>regni</strong></span> <span class='ocrx_word' id='word_1_220' title='bbox 1015 2544 1156 2622; x_wconf 82' lang='lat' dir='ltr'><strong>rapuisse,</strong></span> <span class='ocrx_word' id='word_1_221' title='bbox 1278 2521 1279 2552; x_wconf 64' lang='lat'>³</span> 
     </span>
    </p>
   </div>
   <div class='ocr_carea' id='block_1_6' title="bbox 171 2623 1158 3536">
    <p class='ocr_par' dir='ltr' id='par_1_12' title="bbox 171 2623 1158 3536">
     <span class='ocr_line' id='line_1_29' title="bbox 203 2623 1157 2705; baseline 0.002 -21"><span class='ocrx_word' id='word_1_222' title='bbox 203 2623 282 2686; x_wconf 85' lang='lat' dir='ltr'><strong>bona</strong></span> <span class='ocrx_word' id='word_1_223' title='bbox 302 2643 355 2686; x_wconf 80' lang='lat' dir='ltr'><strong>stra</strong></span> <span class='ocrx_word' id='word_1_224' title='bbox 375 2624 540 2704; x_wconf 85' lang='lat' dir='ltr'><strong>diripienda</strong></span> <span class='ocrx_word' id='word_1_225' title='bbox 561 2625 673 2705; x_wconf 77' lang='lat' dir='ltr'><strong>populo</strong></span> <span class='ocrx_word' id='word_1_226' title='bbox 687 2625 818 2696; x_wconf 66' lang='lat' dir='ltr'><strong>dedisse</strong></span> <span class='ocrx_word' id='word_1_227' title='bbox 840 2639 878 2686; x_wconf 92' lang='lat' dir='ltr'><strong>ue</strong></span> <span class='ocrx_word' id='word_1_228' title='bbox 893 2627 959 2702; x_wconf 89' lang='lat' dir='ltr'><strong>quis</strong></span> <span class='ocrx_word' id='word_1_229' title='bbox 973 2641 1080 2704; x_wconf 77' lang='lat' dir='ltr'><strong>expers</strong></span> <span class='ocrx_word' id='word_1_230' title='bbox 1095 2643 1157 2686; x_wconf 87' lang='lat' dir='ltr'><strong>see·</strong></span> 
     </span>
     <span class='ocr_line' id='line_1_30' title="bbox 204 2706 1157 2788; baseline 0 -20"><span class='ocrx_word' id='word_1_231' title='bbox 204 2706 275 2769; x_wconf 88' lang='lat' dir='ltr'><strong>lerls</strong></span> <span class='ocrx_word' id='word_1_232' title='bbox 290 2715 375 2769; x_wconf 88' lang='lat' dir='ltr'><strong>esset.</strong></span> <span class='ocrx_word' id='word_1_233' title='bbox 394 2710 520 2786; x_wconf 85' lang='lat' dir='ltr'><strong>patriam</strong></span> <span class='ocrx_word' id='word_1_234' title='bbox 535 2725 567 2770; x_wconf 90' lang='lat' dir='ltr'><strong>se</strong></span> <span class='ocrx_word' id='word_1_235' title='bbox 577 2724 761 2788; x_wconf 83' lang='lat' dir='ltr'><strong>regnumque</strong></span> <span class='ocrx_word' id='word_1_236' title='bbox 771 2725 858 2770; x_wconf 90' lang='lat' dir='ltr'><strong>suum</strong></span> <span class='ocrx_word' id='word_1_237' title='bbox 869 2715 1005 2786; x_wconf 84' lang='lat' dir='ltr'><strong>repetere</strong></span> <span class='ocrx_word' id='word_1_238' title='bbox 1017 2715 1047 2768; x_wconf 86' lang='lat' dir='ltr'><strong>et</strong></span> <span class='ocrx_word' id='word_1_239' title='bbox 1055 2724 1157 2786; x_wconf 85' lang='lat' dir='ltr'><strong>perse-</strong></span> 
     </span>
     <span class='ocr_line' id='line_1_31' title="bbox 205 2789 1157 2872; baseline 0 -22"><span class='ocrx_word' id='word_1_240' title='bbox 205 2792 256 2868; x_wconf 86' lang='lat' dir='ltr'><strong>qui</strong></span> <span class='ocrx_word' id='word_1_241' title='bbox 272 2791 409 2869; x_wconf 81' lang='lat' dir='ltr'><strong>·ingratos</strong></span> <span class='ocrx_word' id='word_1_242' title='bbox 429 2791 508 2853; x_wconf 88' lang='lat' dir='ltr'><strong>cives</strong></span> <span class='ocrx_word' id='word_1_243' title='bbox 522 2789 606 2867; x_wconf 80' lang='lat' dir='ltr'><strong>velle.</strong></span> <span class='ocrx_word' id='word_1_244' title='bbox 635 2793 749 2854; x_wconf 89' lang='lat' dir='ltr'><strong>lerrent</strong></span> <span class='ocrx_word' id='word_1_245' title='bbox 762 2810 865 2872; x_wconf 88' lang='lat' dir='ltr'><strong>opem,</strong></span> <span class='ocrx_word' id='word_1_246' title='bbox 883 2791 1066 2857; x_wconf 68' lang='lat' dir='ltr'><strong>odiosorum</strong></span> <span class='ocrx_word' id='word_1_247' title='bbox 1088 2805 1157 2851; x_wconf 85' lang='lat' dir='ltr'><strong>suas</strong></span> 
     </span>
     <span class='ocr_line' id='line_1_32' title="bbox 205 2871 1156 2951; baseline 0 -19"><span class='ocrx_word' id='word_1_248' title='bbox 205 2889 323 2951; x_wconf 88' lang='lat' dir='ltr'><strong>quoque</strong></span> <span class='ocrx_word' id='word_1_249' title='bbox 336 2879 451 2936; x_wconf 77' lang='lat' dir='ltr'><strong>ueteres</strong></span> <span class='ocrx_word' id='word_1_250' title='bbox 461 2875 589 2936; x_wconf 79' lang='lat' dir='ltr'><strong>&#39;iuimies</strong></span> <span class='ocrx_word' id='word_1_251' title='bbox 602 2873 697 2936; x_wconf 86' lang='lat' dir='ltr'><strong>ultum</strong></span> <span class='ocrx_word' id='word_1_252' title='bbox 709 2876 802 2946; x_wconf 71' lang='lat' dir='ltr'><strong>nent,</strong></span> <span class='ocrx_word' id='word_1_253' title='bbox 824 2877 932 2938; x_wconf 86' lang='lat' dir='ltr'><strong>totiens</strong></span> <span class='ocrx_word' id='word_1_254' title='bbox 948 2889 1047 2935; x_wconf 82' lang='lat' dir='ltr'><strong>caesas</strong></span> <span class='ocrx_word' id='word_1_255' title='bbox 1060 2871 1156 2950; x_wconf 82' lang='lat' dir='ltr'><strong>legio·</strong></span> 
     </span>
     <span class='ocr_line' id='line_1_33' title="bbox 171 2957 1156 3038; baseline -0.001 -21"><span class='ocrx_word' id='word_1_256' title='bbox 171 2980 187 3029; x_wconf 78' lang='lat'>4</span> <span class='ocrx_word' id='word_1_257' title='bbox 206 2973 273 3026; x_wconf 85' lang='lat' dir='ltr'><strong>nes,</strong></span> <span class='ocrx_word' id='word_1_258' title='bbox 298 2973 400 3035; x_wconf 78' lang='lat' dir='ltr'><strong>agrum</strong></span> <span class='ocrx_word' id='word_1_259' title='bbox 421 2957 599 3036; x_wconf 85' lang='lat' dir='ltr'><strong>ademptum.</strong></span> <span class='ocrx_word' id='word_1_260' title='bbox 627 2957 702 3020; x_wconf 88' lang='lat' dir='ltr'><strong>haec</strong></span> <span class='ocrx_word' id='word_1_261' title='bbox 716 2965 871 3020; x_wconf 74' lang='lat' dir='ltr'><strong>moverunt</strong></span> <span class='ocrx_word' id='word_1_262' title='bbox 882 2959 1036 3028; x_wconf 75' lang='lat' dir='ltr'><strong>Veientes,</strong></span> <span class='ocrx_word' id='word_1_263' title='bbox 1052 2973 1088 3018; x_wconf 87' lang='lat' dir='ltr'><strong>ao</strong></span> <span class='ocrx_word' id='word_1_264' title='bbox 1101 2973 1156 3038; x_wconf 81' lang='lat' dir='ltr'><strong>pro</strong></span> 
     </span>
     <span class='ocr_line' id='line_1_34' title="bbox 205 3039 1158 3119; baseline -0.001 -17"><span class='ocrx_word' id='word_1_265' title='bbox 205 3059 238 3102; x_wconf 88' lang='lat' dir='ltr'><strong>se</strong></span> <span class='ocrx_word' id='word_1_266' title='bbox 258 3042 383 3118; x_wconf 88' lang='lat' dir='ltr'><strong>quisque</strong></span> <span class='ocrx_word' id='word_1_267' title='bbox 412 3040 544 3102; x_wconf 83' lang='lat' dir='ltr'><strong>Romano</strong></span> <span class='ocrx_word' id='word_1_268' title='bbox 569 3039 670 3104; x_wconf 79' lang='lat' dir='ltr'><strong>sellem</strong></span> <span class='ocrx_word' id='word_1_269' title='bbox 697 3041 772 3104; x_wconf 80' lang='lat' dir='ltr'><strong>(luce</strong></span> <span class='ocrx_word' id='word_1_270' title='bbox 797 3043 973 3119; x_wconf 82' lang='lat' dir='ltr'><strong>lguonrlulas</strong></span> <span class='ocrx_word' id='word_1_271' title='bbox 999 3040 1158 3113; x_wconf 80' lang='lat' dir='ltr'><strong>demendas</strong></span> 
     </span>
     <span class='ocr_line' id='line_1_35' title="bbox 204 3123 1157 3204; baseline -0.001 -20"><span class='ocrx_word' id='word_1_272' title='bbox 204 3123 343 3202; x_wconf 84' lang='lat' dir='ltr'><strong>belloque</strong></span> <span class='ocrx_word' id='word_1_273' title='bbox 355 3125 463 3187; x_wconf 86' lang='lat' dir='ltr'><strong>amissa</strong></span> <span class='ocrx_word' id='word_1_274' title='bbox 471 3125 634 3204; x_wconf 85' lang='lat' dir='ltr'><strong>repetenda</strong></span> <span class='ocrx_word' id='word_1_275' title='bbox 645 3126 798 3186; x_wconf 74' lang='lat' dir='ltr'><strong>minaciter</strong></span> <span class='ocrx_word' id='word_1_276' title='bbox 807 3127 946 3186; x_wconf 78' lang='lat' dir='ltr'><strong>tremum.</strong></span> <span class='ocrx_word' id='word_1_277' title='bbox 958 3125 1157 3201; x_wconf 75' lang='lat' dir='ltr'><strong>Tarquinien-</strong></span> 
     </span>
     <span class='ocr_line' id='line_1_36' title="bbox 205 3206 1157 3288; baseline -0.004 -18"><span class='ocrx_word' id='word_1_278' title='bbox 205 3225 253 3270; x_wconf 85' lang='lat' dir='ltr'><strong>ses</strong></span> <span class='ocrx_word' id='word_1_279' title='bbox 272 3223 380 3270; x_wconf 87' lang='lat' dir='ltr'><strong>uomeu</strong></span> <span class='ocrx_word' id='word_1_280' title='bbox 401 3227 436 3270; x_wconf 86' lang='lat' dir='ltr'><strong>oe</strong></span> <span class='ocrx_word' id='word_1_281' title='bbox 457 3209 592 3287; x_wconf 74' lang='lat' dir='ltr'><strong>cognatio</strong></span> <span class='ocrx_word' id='word_1_282' title='bbox 610 3213 721 3269; x_wconf 85' lang='lat' dir='ltr'><strong>movet:</strong></span> <span class='ocrx_word' id='word_1_283' title='bbox 742 3207 901 3288; x_wconf 79' lang='lat' dir='ltr'><strong>pulchrum</strong></span> <span class='ocrx_word' id='word_1_284' title='bbox 920 3206 1074 3268; x_wconf 86' lang='lat' dir='ltr'><strong>ridebatur</strong></span> <span class='ocrx_word' id='word_1_285' title='bbox 1089 3224 1157 3268; x_wconf 88' lang='lat' dir='ltr'><strong>suos</strong></span> 
     </span>
     <span class='ocr_line' id='line_1_37' title="bbox 172 3289 1156 3370; baseline -0.004 -18"><span class='ocrx_word' id='word_1_286' title='bbox 172 3291 316 3353; x_wconf 79' lang='lat' dir='ltr'><strong>ollomae</strong></span> <span class='ocrx_word' id='word_1_287' title='bbox 332 3305 469 3370; x_wconf 79' lang='lat' dir='ltr'><strong>regnare.</strong></span> <span class='ocrx_word' id='word_1_288' title='bbox 498 3294 539 3353; x_wconf 85' lang='lat' dir='ltr'><strong>lta</strong></span> <span class='ocrx_word' id='word_1_289' title='bbox 557 3292 617 3352; x_wconf 85' lang='lat' dir='ltr'><strong>(luo</strong></span> <span class='ocrx_word' id='word_1_290' title='bbox 636 3291 761 3352; x_wconf 87' lang='lat' dir='ltr'><strong>duarum</strong></span> <span class='ocrx_word' id='word_1_291' title='bbox 777 3293 939 3353; x_wconf 86' lang='lat' dir='ltr'><strong>eivitatium</strong></span> <span class='ocrx_word' id='word_1_292' title='bbox 957 3291 1105 3352; x_wconf 72' lang='lat' dir='ltr'><strong>exereitum</strong></span> <span class='ocrx_word' id='word_1_293' title='bbox 1121 3289 1156 3349; x_wconf 85' lang='lat' dir='ltr'><strong>ad</strong></span> 
     </span>
     <span class='ocr_line' id='line_1_38' title="bbox 205 3373 1156 3454; baseline 0 -20"><span class='ocrx_word' id='word_1_294' title='bbox 205 3374 399 3452; x_wconf 82' lang='lat' dir='ltr'><strong>repetendum</strong></span> <span class='ocrx_word' id='word_1_295' title='bbox 413 3391 539 3454; x_wconf 76' lang='lat' dir='ltr'><strong>regnum</strong></span> <span class='ocrx_word' id='word_1_296' title='bbox 559 3373 697 3452; x_wconf 87' lang='lat' dir='ltr'><strong>belloque</strong></span> <span class='ocrx_word' id='word_1_297' title='bbox 708 3374 934 3454; x_wconf 80' lang='lat' dir='ltr'><strong>persequentes</strong></span> <span class='ocrx_word' id='word_1_298' title='bbox 945 3373 1098 3435; x_wconf 83' lang='lat' dir='ltr'><strong>llomanos</strong></span> <span class='ocrx_word' id='word_1_299' title='bbox 1110 3391 1156 3434; x_wconf 85' lang='lat' dir='ltr'><strong>se·</strong></span> 
     </span>
     <span class='ocr_line' id='line_1_39' title="bbox 206 3457 1155 3536; baseline 0 -18"><span class='ocrx_word' id='word_1_300' title='bbox 206 3457 264 3518; x_wconf 85' lang='lat' dir='ltr'><strong>cuti</strong></span> <span class='ocrx_word' id='word_1_301' title='bbox 277 3457 481 3536; x_wconf 80' lang='lat' dir='ltr'><strong>Tarquinium.</strong></span> <span class='ocrx_word' id='word_1_302' title='bbox 510 3458 668 3534; x_wconf 84' lang='lat' dir='ltr'><strong>Postquam</strong></span> <span class='ocrx_word' id='word_1_303' title='bbox 689 3459 721 3517; x_wconf 90' lang='lat' dir='ltr'><strong>ln</strong></span> <span class='ocrx_word' id='word_1_304' title='bbox 739 3475 843 3536; x_wconf 85' lang='lat' dir='ltr'><strong>agrum</strong></span> <span class='ocrx_word' id='word_1_305' title='bbox 858 3457 1024 3520; x_wconf 83' lang='lat' dir='ltr'><strong>Romanum</strong></span> <span class='ocrx_word' id='word_1_306' title='bbox 1038 3463 1155 3519; x_wconf 80' lang='lat' dir='ltr'><strong>ventum</strong></span> 
     </span>
    </p>
   </div>
   <div class='ocr_carea' id='block_1_7' title="bbox 0 0 1290 3956">
    <p class='ocr_par' dir='ltr' id='par_1_13' title="bbox 0 0 1290 3956">
     <span class='ocr_line' id='line_1_40' title="bbox 0 0 1290 3956; baseline 0 0"><span class='ocrx_word' id='word_1_307' title='bbox 0 0 1290 3956; x_wconf 95' lang='lat' dir='ltr'><strong> </strong></span> 
     </span>
    </p>
   </div>
  </div>
 </body>
</html>
