2548 3954
214 205 253 268 as
364 220 460 262 amaa
476 180 498 264 ιζ
526 217 596 260 aar.
612 209 654 263 eo.
670 207 713 263 ιι.
741 204 780 273 [a.
794 219 824 260 u.
842 220 866 258 ι.
884 185 1010 276 iro-tao]

181 375 297 438 tante,
318 384 371 429 rex
393 375 438 428 est
457 366 630 429 declaratus.
659 381 758 444 neque
780 383 813 427 ea
837 382 887 427 res
901 365 1063 444 Tarquinio
1081 384 1163 445 spem

213 451 378 514 adfectandi
394 452 479 530 regni
493 451 611 511 mimalt:
627 451 717 511 immo
732 467 767 510 eo
782 451 944 527 inpensius,
963 451 1031 527 quia
1043 449 1080 512 de
1091 467 1162 528 agro

213 534 307 615 plebis
323 535 443 602 adversa
458 543 574 614 patrum
591 532 737 594 voluntate
754 539 888 596 senserat
903 535 965 610 agl,
989 534 1162 595 criminandi

214 620 308 682 Servii
323 619 400 698 apud
417 624 516 698 patres
530 617 742 695 crescendique
758 619 789 676 ln
804 617 886 677 curia
907 616 964 678 sibi
979 619 1164 678 occasionem

214 705 310 764 duum
331 708 411 762 ratus
435 708 493 772 est,
515 710 543 763 et
567 703 631 781 ipse
653 701 767 773 iuvenis
787 700 917 761 ardentis
938 702 1028 761 animi
1042 708 1071 762 et
1086 701 1164 762 dorni

180 798 306 850 aurore
329 785 424 847 'lullia
445 785 607 864 inquietum
632 786 762 846 animum
787 782 962 846 stimulante.
993 783 1060 846 tulit
1086 786 1164 846 enim

215 878 244 932 et
258 870 389 930 lfomana
405 871 487 950 regia
502 868 624 931 sceleris
638 869 743 947 tragici
759 866 943 946 exemplum,
957 875 991 929 ut
1004 869 1101 930 taedio
1116 887 1164 930 re·

214 970 283 1032 gum
297 954 439 1013 maturior
452 953 567 1014 reniret
580 951 715 1022 libertas,
729 951 923 1028 ultimumque
937 969 1062 1030 regnum
1077 958 1161 1021 esset,

178 1046 196 1094 t
214 1036 292 1116 quod
316 1035 429 1098 scelere
451 1042 568 1114 partum
584 1035 669 1097 foret.
703 1035 758 1096 liic
774 1035 806 1096 L.
824 1035 1001 1112 Tarquinius
1018 1069 1053 1080 -
1071 1036 1164 1096 Prisci

213 1119 367 1197 'farquinil
387 1122 467 1198 regis
484 1117 561 1180 filius
574 1136 708 1198 neposne
724 1119 828 1189 fuerit,
853 1135 959 1196 parum
977 1119 1084 1196 liquat;
1099 1118 1163 1198 plu·

213 1203 296 1265 ribus
309 1211 408 1265 tamen
425 1202 594 1264 auctoribus
607 1202 699 1262 lilium
716 1200 859 1264 ediderim
869 1235 904 1246 -
918 1201 1040 1264 fratrem
1052 1202 1163 1264 babue-

180 1292 260 1348 trat
284 1288 442 1349 Arruntem
468 1287 675 1364 Tarquinium,
697 1287 776 1347 mitis
802 1286 915 1362 ingenii
942 1287 1087 1348 iuvenem.
1118 1285 1164 1347 his

128 1429 132 1432 .
213 1371 337 1442 duobus,
352 1378 385 1432 ut
395 1378 462 1431 ante
476 1371 586 1431 dictum
598 1378 650 1440 est,
667 1369 742 1431 duae
754 1368 957 1447 'l’ulliaeregis
967 1368 1044 1432 tiliae
1055 1387 1163 1448 nupse-

212 1463 287 1524 rant,
305 1462 334 1516 et
345 1456 426 1534 ipsae
440 1453 529 1532 longe
544 1453 676 1532 dispares
693 1451 835 1514 moribus.
860 1452 937 1514 forte
952 1455 991 1513 ita
1009 1455 1163 1523 inciderat,

212 1556 250 1600 ne
269 1538 326 1599 duo
342 1536 469 1598 violenta
482 1537 599 1615 ingenia
620 1537 806 1597 matrimonio
821 1537 1029 1614 iungerentur,
1048 1538 1164 1598 fortuna

184 1617 191 1636 ⁸
213 1621 302 1682 credo
317 1620 419 1700 populi
435 1621 569 1691 Romani,
586 1637 644 1699 quo
658 1621 824 1682 diutmnius
838 1621 922 1682 Servi
935 1637 1060 1698 regnum
1078 1629 1164 1691 esset,
1257 1645 1258 1651 ¹

180 1706 409 1782 tconstituique
441 1705 564 1765 civitatis
590 1721 689 1766 mores
715 1711 843 1783 possent.
890 1702 1052 1782 angebatur
1079 1705 1163 1766 ferox

214 1787 308 1850 Tullia
324 1787 399 1848 nihil
414 1787 555 1849 materiae
573 1789 605 1848 ln
619 1789 683 1849 viro
700 1804 797 1865 neque
812 1787 849 1848 ad
862 1789 1050 1866 cupiditatem
1066 1805 1164 1866 neque

213 1873 250 1933 ad
267 1873 419 1933 audaciam
433 1887 512 1940 esse;
527 1878 586 1932 tota
601 1873 632 1932 in
644 1870 768 1932 alterum
783 1888 883 1933 aversa
893 1872 1084 1948 Tarquinium
1096 1889 1164 1933 cum

213 1958 323 2026 mirari,
336 1973 404 2018 eum
418 1957 513 2016 virum
531 1955 631 2018 dicere
647 1973 682 2017 ac
697 1956 779 2034 regio
795 1957 938 2034 sanguino
953 1963 1064 2025 ortum:
1080 1972 1163 2035 sper·

212 2056 285 2102 nere
306 2057 454 2109 sororem,
470 2039 550 2118 quod
565 2042 660 2100 urum
680 2047 764 2100 nacta
779 2037 918 2100 muliebri
933 2047 1062 2102 cessaret
1075 2039 1164 2100 auda·

179 2134 195 2183 7
213 2123 266 2183 cia.
296 2121 442 2184 contrahit
456 2122 593 2185 celeriter
610 2122 769 2184 similitudo
788 2140 855 2193 eos,
878 2130 911 2182 ut
926 2123 988 2184 fere
1007 2123 1040 2184 lit
1055 2122 1163 2184 malum

212 2205 288 2267 malo
310 2207 508 2286 aptissimum
530 2206 583 2267 sed
602 2207 719 2266 initium
738 2204 877 2267 turbandi
899 2207 996 2268 omnia
1017 2225 1034 2268 a
1054 2207 1163 2268 femina

212 2296 309 2350 ortum
331 2297 382 2351 est.
412 2307 446 2350 ea
468 2290 590 2351 secretis
611 2289 667 2350 riri
690 2289 780 2352 alieni
797 2289 963 2352 adsuefacta
977 2289 1164 2354 sermonibus
1269 2285 1270 2298 ¹

210 2371 299 2433 nullis
317 2372 475 2434 verborum
494 2372 680 2436 contumeliis
700 2391 825 2452 parcere
845 2374 882 2435 de
899 2376 961 2435 viro
975 2375 1011 2436 ad
1033 2375 1163 2444 fratrem,

211 2456 248 2518 de
270 2474 374 2518 sorore
390 2456 427 2517 ad
447 2457 558 2526 virum3
581 2463 610 2518 et
625 2475 657 2518 se
675 2459 786 2519 rectius
802 2457 918 2518 viduam
936 2465 965 2518 et
977 2456 1060 2518 illum
1075 2457 1163 2519 caell-

211 2537 279 2600 bem
303 2540 434 2601 futurum
459 2540 550 2602 fuisse
572 2540 751 2602 contendere
773 2557 861 2618 quam
879 2542 1163 2620 cumtnparttungt,

178 2631 194 2683 8
211 2629 244 2683 ut
258 2621 524 2702 elanguescendum
541 2623 636 2686 aliena
651 2625 765 2702 ignaua
782 2631 867 2687 esset.
897 2626 922 2684 sl
937 2624 994 2686 sibi
1012 2643 1088 2696 eum,
1104 2641 1163 2702 quo

212 2705 299 2783 digna
322 2714 416 2777 esset,
438 2707 479 2766 dii
497 2705 647 2769 dedissent
659 2709 762 2778 urum,
778 2708 904 2770 domiso
918 2708 1106 2788 propediem
1121 2709 1163 2768 ai·

211 2806 310 2850 suram
327 2807 453 2868 regnum
467 2790 567 2861 fuisse,
583 2789 662 2870 quod
676 2791 753 2870 apud
767 2798 881 2870 patrem
895 2793 999 2854 videat.
1026 2791 1163 2853 celeriter
1268 2771 1269 2798 ³

176 2879 193 2930 9
211 2871 429 2934 adulescentem
444 2889 515 2934 suae
531 2875 704 2936 temeritatis
723 2874 833 2953 implet
861 2877 901 2937 ita
917 2875 1025 2937 Lucius
1038 2875 1163 2952 Tarqui·

211 2957 278 3016 nius
292 2963 321 3018 et
334 2955 429 3017 Tullia
445 2957 542 3018 minor
556 2975 651 3037 prope
666 2959 842 3020 continuatis
855 2959 1011 3022 funeribus
1028 2977 1096 3020 cnm
1110 2958 1163 3020 do·
1262 2963 1264 2970 '

210 3057 274 3100 mos
287 3055 393 3101 vacuas
410 3056 486 3102 noro
499 3043 686 3103 matrimonio
703 3041 859 3113 fecissent,
877 3045 1040 3121 iunguntur
1053 3042 1164 3121 nuptiis

210 3125 303 3202 magis
317 3141 378 3184 non
391 3123 569 3203 prohibente
584 3125 687 3187 Servio
701 3141 790 3203 quam
804 3125 995 3205 adprobante.

178 3217 192 3267 t
272 3205 381 3269 XLVII.
414 3208 489 3269 Tum
502 3219 573 3270 roro
588 3209 620 3268 ln
635 3209 697 3270 dics
710 3209 845 3272 infestior
861 3209 938 3272 Tulli
952 3215 1099 3281 senectus,
1117 3209 1163 3270 in·

114 3369 116 3373 ,
210 3290 313 3352 festius
331 3292 429 3370 coepit
440 3309 566 3370 regnum
585 3311 659 3354 esse.
687 3292 746 3354 iam
760 3293 839 3354 enim
853 3293 890 3354 ab
905 3292 1019 3356 scelere
1035 3291 1162 3355 adalind

210 3379 344 3451 spectare
358 3374 464 3436 mulier
483 3374 588 3447 scelus,
603 3391 659 3438 nec
672 3383 759 3439 nocto
772 3393 829 3439 nec
842 3377 971 3439 interdiu
984 3379 1080 3438 virum
1091 3392 1163 3437 con·

210 3457 364 3534 quiescere
384 3461 461 3536 pati,
486 3476 525 3520 ne
549 3460 674 3537 gratuita
697 3461 855 3539 praeterita
872 3462 1031 3540 parricidia
1048 3466 1163 3523 essem:
