2534 3956
223 185 286 257 260
418 198 559 244 munau.
591 189 744 244 nnete
780 177 984 261 [emnittl]

176 358 208 411 ιο
225 348 304 412 nant
321 353 351 408 et
364 347 469 426 pertici
485 362 573 424 quen
587 347 855 425 primum-oportet.
888 345 1060 429 perfinietur
1071 353 1181 415 eutem,

224 431 251 496 si
266 446 405 507 urgentus
415 428 572 498 obsessos,
596 431 622 495 si
639 447 699 494 uon
716 437 783 494 ente
798 428 985 494 decedimus
1005 445 1094 506 quam
1116 429 1182 506 spei

223 519 344 580 mutuae
357 513 446 580 finem
462 514 556 591 capus
570 513 637 578 veis
654 514 881 595 inposuerimus.
910 513 936 575 si
949 510 1090 574 hercules
1099 510 1181 572 nulla

223 596 281 662 elia
302 614 405 668 cause,
426 599 490 676 ipse
514 595 672 674 indignitas
696 597 945 674 perseverentimn
963 597 1110 675 inponere
1129 594 1182 655 de·

175 693 205 745 11
223 679 296 748 huit.
327 681 430 742 desem
441 679 589 758 quondam
600 697 693 743 annos
708 677 781 740 urbs
795 685 961 761 oppugnata
978 686 1023 742 est
1036 677 1075 738 ob
1091 695 1183 738 unam

223 762 379 830 mulierem
405 762 443 824 ab
470 765 606 828 universa
628 763 751 825 Graecia
780 780 868 840 quem
886 760 993 842 proeul
1017 759 1054 826 eb
1082 761 1182 832 domo,

174 862 207 914 12
224 854 295 925 quot
308 855 403 908 terres
417 853 489 924 quot
502 846 595 912 nerra
616 847 740 911 disum:
764 863 820 908 nos
839 847 916 909 intra
930 847 1124 910 vicensimum
1138 844 1180 904 la·

222 930 323 1008 pidem
342 932 375 992 in
394 936 556 1007 conspeetu
575 947 670 1010 prope
690 927 774 994 urbis
794 938 912 992 nostrae
934 946 1062 990 annnam
1085 945 1182 1007 oppu-

225 1015 393 1089 gnationem
414 1012 548 1092 perferre
569 1013 669 1091 piget?
698 1011 810 1076 scilieet
831 1011 987 1090 quindenis
1008 1030 1094 1073 eausa
1110 1010 1184 1072 belli

226 1104 284 1166 est,
299 1115 355 1160 nec
369 1099 439 1158 setis
454 1098 610 1174 quiequam
621 1097 691 1162 iusti
701 1094 812 1161 doloris
823 1104 881 1165 est,
897 1095 977 1173 quod
987 1113 1041 1160 nos
1058 1095 1096 1156 ad
1112 1112 1183 1173 per·

175 1191 207 1244 le
222 1180 417 1244 severendum
432 1177 569 1247 stimulet.
599 1181 729 1258 septiens
741 1177 937 1249 rebellarunt,
961 1179 992 1242 in
1003 1197 1079 1264 paee
1095 1196 1183 1238 nnm-

199 1295 201 1300 ·
225 1281 313 1341 quam
328 1264 384 1328 tide
398 1264 532 1335 tuerint,
554 1280 645 1346 egros
656 1270 774 1328 nostros
789 1261 906 1326 miliens
919 1261 1089 1344 depopulati
1104 1269 1182 1332 sunt,

221 1345 380 1410 Fidenates
395 1347 522 1409 defieere
539 1346 658 1412 anobis
673 1352 849 1423 coegerunt,
867 1343 991 1408 oolonos
1005 1352 1125 1416 nostros
1138 1344 1182 1405 ib.

175 1439 207 1492 tt
223 1431 453 1500 interfecerunt,
471 1437 608 1492 auctores
622 1431 707 1492 fuere
725 1439 828 1490 contre
845 1431 891 1490 ius
909 1429 1008 1494 caedis
1023 1429 1124 1506 inpiae
1139 1427 1182 1488 le·

221 1520 359 1589 getornm
375 1519 559 1583 nostrorum,
580 1513 729 1578 Etruriam
744 1531 861 1576 renonem
878 1513 1018 1577 adversus
1038 1529 1094 1580 nos
1109 1529 1182 1570 cuu-

224 1596 315 1665 oittre
331 1594 487 1658 voluerunt
499 1595 647 1672 hodieque
661 1596 692 1659 id
707 1595 882 1666 moliuntur,
899 1614 948 1658 res
959 1597 1121 1674 repetentis
1138 1593 1183 1655 le-

222 1686 305 1757 grtes
319 1685 437 1742 nostros
451 1677 530 1744 haud
541 1677 648 1758 presul
662 1679 734 1742 uiuit
749 1681 821 1758 quin
833 1679 1008 1746 violarentr‘

192 1770 204 1820 r
286 1763 318 1822 V.
347 1763 441 1832 „Cum
461 1762 509 1824 his
525 1761 654 1828 molliter
681 1772 710 1823 et
729 1780 784 1841 per
804 1762 959 1824 dilationes
980 1760 1092 1824 bellum
1116 1765 1183 1842 geri

106 1908 110 1920 q
224 1845 358 1926 oportet?
376 1848 411 1916 ,si
432 1863 487 1908 nos
506 1854 566 1912 tam
586 1848 695 1912 iustum
717 1847 817 1910 odium
837 1845 913 1913 nihil
933 1852 1045 1917 movet,
1071 1862 1111 1907 ne
1130 1845 1181 1906 iile

190 1939 206 1987 2
224 1929 359 2005 quidem,
371 1946 425 1990 oro
437 1946 502 1998 vos,
514 1930 649 1994 movent?
664 1928 804 2013 operibus
816 1928 985 2007 ingentibus
997 1937 1096 2008 saepta
1108 1928 1182 1990 urbs

224 2019 281 2081 est,
301 2011 408 2089 quibus
423 2015 499 2076 intra
512 2030 614 2077 muros
627 2021 783 2078 ,coercetur
797 2011 900 2078 hostis.
932 2031 1035 2092 agrum
1052 2029 1114 2075 non
1131 2030 1181 2073 oo·

190 2105 206 2156 u
223 2092 292 2164 luit,
309 2101 338 2156 et
353 2095 431 2160 culta
445 2103 570 2160 erasme
587 2103 656 2160 sunt
669 2094 757 2160 bello.
784 2097 809 2159 si
824 2097 994 2161 reducimus
1009 2097 1181 2174 exereitum,

224 2181 290 2258 quis
302 2181 409 2256 estqui
423 2177 536 2243 dubitet
551 2177 619 2242 illos
631 2197 694 2242 nou
707 2198 725 2241 a
740 2180 899 2258 eupiditate
910 2178 1006 2242 solum
1016 2178 1181 2240 rdoiscendi

223 2261 380 2326 sedetiam
400 2263 576 2326 neeessitete
596 2263 724 2340 Inposita
741 2281 777 2326 en
794 2261 890 2326 alieno
911 2261 1091 2346 praedendi,
1113 2281 1181 2324 eum

222 2363 275 2412 suu
290 2343 457 2415 emiserint,
475 2361 579 2423 agrum
593 2355 727 2412 nostrum
741 2347 914 2410 invasurosi
939 2365 1000 2410 nou
1018 2345 1182 2410 differimus

223 2428 312 2505 igitur
326 2425 439 2492 bellum
451 2429 507 2493 isto
523 2427 661 2500 oonsilio,
683 2429 735 2492 sed
749 2430 827 2492 intra
842 2431 917 2494 fines
936 2437 1052 2492 nostros
1071 2431 1180 2512 aecipi-

222 2529 296 2574 mus.
327 2513 416 2592 quid?
442 2512 528 2584 illud,
549 2513 628 2592 quod
643 2514 767 2592 proprie
783 2513 820 2574 ed
835 2513 941 2577 milites
955 2515 1097 2596 pertinet,
1114 2515 1179 2592 qui-

222 2591 279 2656 bus
295 2594 490 2660 horitrihuni
504 2595 600 2679 plebis
612 2615 680 2660 enm
695 2597 875 2676 stipendium
893 2605 1069 2676 extorquere
1080 2594 1177 2657 velue

189 2686 307 2749 erunt,
331 2697 409 2743 nune
428 2677 594 2744 eonsrdtunr
607 2687 732 2760 repente
747 2679 862 2752 volunt,
885 2679 972 2759 quale
988 2681 1050 2742 esti
1072 2679 1180 2742 vallum

223 2761 405 2842 fossamque,
429 2763 557 2843 urgentis
581 2771 739 2840 utrumque
759 2781 823 2828 rem
851 2766 966 2846 operis,
992 2781 1046 2844 per
1066 2771 1180 2824 tentum

223 2847 310 2923 spatii
324 2846 485 2914 dinerunt;
502 2844 621 2910 castella
631 2846 728 2932 primo
740 2865 849 2925 penne,
865 2857 966 2928 postea
982 2848 1113 2910 exercitu
1128 2864 1179 2907 eu·

224 2934 271 2986 eto
289 2926 473 2990 ereberrime
487 2928 638 2998 feeerunt;
653 2931 832 2995 munitiones
849 2949 910 2996 nou
926 2934 958 2996 in
971 2930 1075 2991 urbem
1091 2931 1179 2991 modo

223 3009 319 3070 sedin
334 3009 483 3077 rourum
499 3011 585 3076 etiam
603 3019 784 3095 spectantes,
807 3017 832 3074 si
850 3031 907 3094 qua
921 3015 990 3076 inde
1008 3015 1115 3076 auxilie
1130 3031 1178 3074 ve-

189 3104 206 3154 u
223 3094 320 3163 nient,
335 3112 511 3176 opposuere.
540 3095 610 3176 quid
623 3105 736 3168 turres,
755 3097 825 3174 qud
838 3100 939 3163 vineas
959 3097 1180 3174 testudinesque

223 3185 252 3238 et
266 3175 360 3241 alium
371 3178 635 3257 oppugnandarum
648 3180 768 3244 urbium
779 3188 953 3261 apparatum
964 3181 1086 3262 loquer?
1112 3197 1179 3241 eum

222 3269 334 3321 tentum
351 3259 462 3329 laboris
479 3262 651 3326 exhaustum
672 3264 710 3324 sit
724 3271 753 3324 et
768 3263 805 3328 ed
819 3265 907 3326 finem
922 3265 983 3328 iam
1002 3265 1101 3345 operis
1114 3270 1178 3325 tan·

222 3342 290 3404 dem
301 3353 489 3423 perventum,
504 3345 738 3424 relinquendane
748 3346 822 3409 haee
837 3349 979 3416 censetis,
994 3354 1027 3408 nt
1037 3348 1075 3408 nd
1085 3355 1179 3410 nesta·

223 3433 281 3486 tem
297 3443 402 3489 rursus
415 3445 508 3492 novus
523 3429 559 3490 de
572 3430 688 3507 integro
702 3429 750 3492 his
763 3432 949 3496 instituendis
961 3431 1119 3498 exsudetur
1136 3429 1178 3493 le·
