2522 3954
211 229 284 276 XXX
390 228 438 276 nrt
456 219 529 276 rtur
545 225 631 275 utun
647 227 731 274 VITA
747 227 791 274 ΕΤ
812 226 975 276 scurrula.

210 404 278 461 quae
292 387 359 443 mira
375 385 538 445 iucunditate
552 393 579 443 et
592 385 721 441 varietate
732 393 812 459 atque
824 386 902 459 copia
918 385 1022 442 animos
1038 385 1167 450 alluderet,

211 471 287 528 iacile
301 479 422 545 apparet,
439 469 543 527 etiamsi
563 483 618 525 non
642 484 675 524 eo
695 469 804 542 ingenio
825 469 977 543 mentisque
998 469 1119 527 acumine
1139 482 1168 527 et

210 554 302 612 iudicii
316 554 471 612 maturitate
489 559 570 626 atque
588 567 679 608 rerum
695 552 793 626 peritia
807 553 946 626 praeditus
969 553 1052 610 luerit
1066 552 1166 616 Livius,

208 644 240 694 ut
259 637 382 694 omnibus
409 637 476 693 artis
504 635 649 693 historicae
673 635 825 710 praeceptis
841 636 997 693 satisfacere
1019 645 1113 711 posset
1138 647 1167 694 et

125 740 134 760 .
209 721 359 794 perfectum
385 737 454 794 opus
475 711 606 782 condere,
629 726 717 776 tamen
748 719 836 776 omnia
856 718 884 774 in
909 735 942 776 eo
971 719 1070 782 luisse,
1097 737 1167 794 quae

208 805 240 860 ad
255 805 396 862 historiam
412 804 449 860 ita
467 803 641 865 scribendam,
659 808 690 858 ut
706 809 734 860 et
747 819 811 860 suae
827 801 923 860 aetatis
940 811 968 859 et
981 804 1167 877 posteriorum

209 895 361 962 temporum
376 887 501 944 Romanis
521 885 697 961 probaretur,
714 886 840 944 idoneum
865 902 926 943 eum
948 887 1099 944 redolerent.
1136 888 1166 944 ln

206 978 282 1026 tanta
303 971 374 1027 enim
394 970 496 1044 ingenii
516 969 641 1026 ubertate
656 976 763 1044 tamque
778 970 833 1028 acri
851 970 944 1028 decori
960 978 988 1028 et
1004 970 1111 1045 pulchri
1126 972 1165 1028 iu·

207 1054 278 1111 dicio
302 1062 382 1128 atque
403 1061 478 1110 tanta
502 1052 576 1111 illius
598 1053 694 1110 aetatis
716 1051 896 1127 intelligentia
916 1061 943 1110 et
962 1054 1085 1111 doctrina
1110 1071 1165 1111 non

207 1138 298 1212 potuit
322 1139 347 1194 ci
364 1137 470 1212 placere
488 1137 588 1194 nudum
605 1144 633 1194 et
650 1137 753 1193 aridum
768 1136 872 1194 dicendi
893 1152 993 1210 genus,
1017 1153 1071 1211 quo
1086 1146 1166 1194 antea

208 1229 312 1278 tantum
327 1237 383 1277 non
400 1237 492 1278 omnes
507 1220 656 1295 scriptores
664 1213 710 1291 67),
726 1235 782 1277 non
797 1228 992 1284 „exornatores
1008 1237 1100 1277 rerum
1117 1223 1164 1278 sed

208 1312 312 1362 tantum
328 1311 517 1368 narratores,“
534 1304 676 1360 historiam
693 1304 838 1360 Romanam
863 1312 1058 1377 exposuerant,
1077 1320 1165 1378 neque

207 1387 316 1445 annales
331 1385 371 1443 illi
385 1389 418 1444 ad
435 1388 474 1444 rei
495 1387 705 1462 magnitudinem
723 1395 750 1442 et
767 1386 897 1442 historiae
914 1385 1059 1443 utilitatem
1077 1387 1164 1461 digni-

208 1479 344 1544 tatemque
367 1470 560 1527 accommodati
580 1469 680 1531 videri,
706 1469 754 1541 qni
773 1485 880 1542 „neque
895 1467 1039 1526 alacriores
1058 1471 1090 1526 ad
1107 1487 1164 1526 rom
1250 1473 1251 1496 .

207 1553 341 1629 publicam
362 1553 558 1610 defendundum
571 1569 660 1626 noque
674 1551 814 1626 segniores
829 1553 862 1608 ad
882 1569 939 1608 rem
958 1557 1108 1627 perperam‘
1125 1554 1164 1610 ia·

206 1635 328 1693 ciundam
339 1652 507 1694 commorere
521 1629 718 1710 possunt“⁶⁸);
734 1635 782 1692 sed
793 1634 875 1692 altius
890 1636 1029 1710 spectabat
1042 1637 1164 1694 etmaius

207 1736 275 1794 opus
297 1719 484 1776 meditabatur.
518 1719 584 1776 Nam
609 1718 754 1793 sicutipse
774 1718 950 1776 admiratione
971 1720 1164 1794 magnitudinis

206 1819 296 1858 rernm
313 1818 328 1858 a
344 1802 448 1878 populo
462 1802 582 1859 Romano
602 1809 739 1876 gestarum
753 1801 864 1859 affectus
880 1810 954 1864 erat,
976 1802 1014 1859 ita
1030 1801 1064 1860 ab
1079 1806 1164 1860 omni-

208 1885 256 1942 bus
282 1886 330 1960 qui
351 1903 415 1942 suae
435 1886 531 1943 aetatis
548 1885 675 1943 iudicium
688 1892 715 1940 et
727 1884 888 1958 elegantiam
902 1885 1036 1942 ollendere
1050 1897 1164 1960 possent

206 1969 295 2024 naevis
309 1969 448 2043 impolitae
465 1977 493 2025 et
508 1969 583 2026 rudis
602 1968 772 2042 antitpritatis
789 1975 919 2043 purgatas
933 1969 1069 2042 atque-sio
1084 1987 1163 2027 orna·

208 2060 248 2108 tas
268 2050 471 2125 illustratasque
487 2059 515 2108 et
528 2051 687 2125 aequalibus
702 2051 758 2107 suis
774 2059 802 2107 et
816 2052 935 2125 posteris
951 2068 1116 2126 proponere,
1132 2063 1160 2112 ut

206 2144 235 2192 et
258 2135 310 2208 ipsi
317 2135 363 2190 ·ad
378 2135 488 2192 eandem
503 2134 706 2192 admirationem
721 2133 909 2197 traherentur,
927 2143 969 2198 et,
986 2135 1013 2192 id
1029 2137 1101 2210 quod
1117 2155 1163 2195 eo·

206 2219 266 2274 dem
286 2217 342 2274 iere
358 2226 481 2293 tempore
498 2216 552 2274 alio
577 2219 605 2273 in
621 2234 720 2291 genere
736 2216 877 2275 Horatium
894 2226 1031 2293 spectasse
1045 2229 1161 2286 constat,

207 2301 335 2376 perficere
345 2301 458 2365 studuit,
469 2307 501 2358 ut
514 2308 542 2357 et
555 2301 755 2358 delectarentur
770 2302 851 2358 animi
865 2309 893 2358 et
904 2302 937 2358 ab
949 2300 1022 2359 illius
1033 2306 1163 2379 temporis

208 2384 346 2441 erroribus
355 2391 436 2458 atque
450 2385 522 2441 vitiis
535 2385 637 2442 avocati
653 2384 685 2440 ad
696 2385 828 2442 maiorum
836 2385 951 2442 virtutes
966 2385 1107 2444 imitandas
1120 2405 1162 2446 sa·

207 2483 295 2542 naque
311 2468 339 2524 in
355 2467 494 2542 republica
510 2467 720 2526 administranda
733 2467 847 2525 consilia
862 2466 1074 2544 impellerentur.
1106 2471 1163 2531 lioc

207 2554 278 2608 enim
300 2553 328 2607 in
350 2552 492 2610 scribenda
513 2551 629 2610 historia
653 2551 827 2626 propositum
848 2553 932 2609 luisse
953 2552 1027 2609 Livio
1051 2554 1110 2628 ipse
1134 2555 1163 2613 in

208 2635 374 2710 praelatione
392 2635 524 2692 ostendit:
541 2636 592 2699 „ad
608 2634 654 2693 illa
668 2635 733 2692 rnihi
747 2635 835 2707 inquit
849 2652 900 2709 pro
916 2652 946 2693 se
961 2637 1075 2711 quisque
1095 2639 1163 2697 acri·

208 2727 249 2774 ter
271 2718 393 2774 intendat
411 2718 542 2781 animum,
563 2718 713 2790 quaesita,
731 2716 778 2790 qui
791 2734 881 2774 mores
897 2718 1011 2782 luerint,
1026 2736 1076 2794 per
1093 2739 1162 2796 quos

207 2802 279 2858 viros
294 2799 446 2875 quibusque
462 2800 566 2856 artibus
587 2800 660 2856 domi
674 2798 840 2874 militiaeque
854 2808 882 2858 et
895 2809 1004 2874 parturn
1015 2811 1043 2859 et
1054 2811 1162 2862 auctum

207 2885 348 2959 imperium
362 2884 406 2946 sit,
421 2882 529 2940 labente
539 2883 636 2940 deinde
652 2883 782 2958 paulatim
796 2883 938 2959 disciplina
952 2883 1024 2942 reiut
1039 2886 1162 2944 desiden-

208 2969 242 3024 tis
261 2968 350 3043 primo
376 2983 465 3024 mores
484 2974 615 3041 sequatur
631 2967 734 3029 animo,
751 2967 846 3024 deinde
870 2975 901 3024 ut
921 2970 1007 3042 magis
1022 2971 1163 3046 magisque

206 3051 275 3126 lapsi
289 3051 352 3115 sint,
369 3059 426 3107 turn
440 3051 481 3108 irc
494 3050 635 3125 coeperint
645 3050 784 3124 ancipites,
800 3051 886 3108 donee
902 3052 1015 3109 adhaec
1030 3061 1161 3130 tempora,

207 3135 304 3208 quihus
318 3151 368 3192 nec
382 3135 445 3190 vitia
458 3143 551 3190 nostra
567 3149 616 3191 nec
633 3133 750 3191 remedia
763 3134 820 3208 pati
833 3151 987 3209 possumus,
1003 3147 1160 3210 perventum

210 3241 407 3252 -..-.—--—

273 3279 316 3344 ot)
329 3282 378 3334 ud.
393 3284 442 3335 Cic.
456 3283 496 3334 Or.
509 3286 538 3342 ll,
552 3282 597 3341 123
609 3283 638 3333 de
650 3284 711 3344 legg.
724 3285 743 3341 l,
755 3282 784 3339 2:
796 3283 939 3334 Lachmann.
953 3285 970 3342 1.
984 3285 1007 3333 7.

273 3346 316 3412 68)
329 3349 403 3400 Verba
420 3361 473 3400 snnt
489 3350 621 3415 Sempronii
632 3350 757 3401 Asellionis
769 3365 805 3416 ep.
819 3350 878 3403 Geli.
892 3351 919 3401 tt.
932 3353 958 3401 h.
978 3350 994 3399 i'
1017 3349 1054 3408 18.
1066 3351 1096 3410 Ως
1113 3354 1158 3406 rid

159 3457 163 3464 '
208 3415 484 3546 ⁰⁰²⁰ioi‘ltini3'111‚
499 3482 651 3542 r-nern.
665 3481 783 3534 ocosse.

1237 3563 1244 3922 l
