2572 3956
206 201 248 262 70
353 213 449 257 nmen
467 215 501 256 ιι.
528 214 599 257 cir.
617 204 644 262 i·
659 204 686 260 ἃ
709 194 752 274 [a.
770 215 800 254 u.
820 215 847 256 e.
867 203 927 259 245.
942 193 1008 274 246]

80 421 82 431 ,
205 362 283 442 voigi
306 363 411 433 animi,
441 381 477 424 ex
497 362 597 424 favore
626 379 687 423 uon
707 359 816 422 invidia
841 359 929 422 modo
955 361 1007 422 sed
1030 363 1160 440 suspicio

171 449 189 498 ⁶
206 448 368 508 etiamnum
379 447 474 506 atroci
485 446 608 508 crimine
619 453 693 507 orta.
709 461 835 522 regnum
845 463 913 506 eum
924 444 1071 506 adfectare
1082 445 1160 507 fama

206 529 336 601 serebat,
360 531 428 606 quia
448 547 505 592 nec
521 528 665 608 collegam
680 526 891 606 subrogaverat
903 529 934 587 in
952 527 1050 588 iocum
1064 527 1159 599 Bruti,

82 621 86 624 ’
206 620 236 676 et
249 612 424 675 aedificabat
438 615 470 674 iu
485 631 598 675 summa
613 612 708 673 Velia:
726 610 769 671 ibi
788 609 845 673 aito
863 619 951 689 atque
964 613 1077 672 munito
1091 611 1159 674 ioco
1273 681 1274 686 ἵ

171 710 187 758 7
206 715 304 759 arcem
325 695 585 775 inexpugnabilem
600 695 666 757 lieri
681 692 786 776 [fore].
807 694 881 757 haec
901 695 977 756 dicta
992 693 1079 772 vulgo
1093 712 1159 758 cre·
1272 729 1274 770 p

205 779 323 858 ditaque
345 798 413 841 cum
434 778 607 858 indignitate
628 785 772 856 angerent
792 777 921 840 consitiis
941 781 1086 849 animum,
1108 797 1159 840 ro·

204 871 268 925 cato
289 864 326 925 ad
350 862 509 924 concilium
529 861 640 942 populo
660 863 823 924 summissis
847 860 975 924 fascibus
997 863 1030 921 in
1045 863 1159 924 contio·

203 965 272 1008 nem
296 946 436 1008 escendit
475 953 591 1025 matum
616 945 647 1008 id
674 945 852 1007 multitudini
873 943 1073 1025 spectaculum
1093 946 1157 1017 init,

203 1028 357 1102 summissa
384 1028 441 1091 sibi
475 1049 541 1092 esse
567 1031 686 1110 imperii
710 1028 851 1108 insignia,
882 1029 1158 1107 confessionemque

203 1113 308 1174 iactam
325 1112 428 1193 populi
445 1131 534 1192 quam
550 1111 679 1174 consulis
690 1114 871 1175 maiestatem
886 1114 1002 1192 vimque
1014 1114 1157 1175 maiorem

169 1215 186 1267 8
203 1215 278 1258 esse.
308 1195 351 1257 ibi
373 1197 475 1260 audire
489 1197 576 1259 iussis
591 1195 695 1258 consui
708 1195 828 1259 laudare
850 1198 998 1258 fortunam
1014 1195 1155 1275 collegae,

203 1280 282 1357 quod
301 1278 426 1342 liberata
442 1282 537 1361 patria
551 1281 583 1340 in
598 1298 713 1342 summo
728 1279 843 1343 bonore
857 1292 912 1359 pro
929 1279 1097 1360 republica
1112 1280 1156 1340 di·

203 1365 314 1426 micans
341 1370 455 1426 matura
482 1363 576 1444 gioria
597 1364 725 1426 necdum
754 1365 992 1426 revertentem
1018 1363 1156 1424 invidiam

202 1453 329 1507 mortem
345 1446 541 1510 occubuisset
576 1466 609 1509 se
631 1448 818 1526 superstitem
832 1446 943 1526 gloriae
959 1447 1081 1509 suaead
1098 1448 1156 1507 cri·

201 1547 270 1590 men
291 1537 378 1606 atque
396 1531 536 1591 invidiam
559 1548 733 1609 superesse,
756 1548 792 1592 ex
813 1529 971 1593 liberatore
992 1531 1104 1610 patriae
1119 1531 1155 1591 ad

166 1611 333 1690 etqumos
360 1632 392 1674 se
417 1612 608 1691 Vitelliosque
633 1613 783 1676 recidisse.
818 1631 1037 1692 „numquamne
1064 1622 1155 1692 ergo“

200 1697 297 1774 inqiut
316 1695 397 1768 „ulia
412 1695 486 1758 adeo
506 1695 551 1778 [a]
569 1696 653 1759 vobis
672 1704 802 1776 spectata
816 1699 908 1759 virtus
922 1700 992 1769 erit,
1013 1705 1047 1758 ut
1059 1699 1155 1778 suspi-
1273 1719 1274 1740 ι

201 1781 287 1841 cione
303 1778 408 1840 rioiari
425 1780 572 1858 nequeat?
605 1799 659 1859 ego
673 1799 736 1852 me,
760 1779 844 1842 iilum
858 1783 1035 1842 acerrimum
1050 1797 1155 1858 regum

200 1863 331 1934 hostem,
343 1865 453 1942 ipsum
470 1864 636 1943 cupiditatis
654 1865 740 1944 regni
762 1866 875 1926 crimen
889 1863 1055 1927 subiturum
1069 1865 1154 1925 time·
1273 1909 1274 1912 η

151 1958 183 2011 ιο
200 1947 285 2008 remi
314 1965 379 2025 ego,
402 1949 428 2009 si
442 1949 474 2008 in
489 1949 552 2027 ipsa
567 1967 636 2010 arca
652 1946 854 2026 Capitolioque
868 1947 1047 2019 habitarem,
1063 1949 1155 2010 metui

200 2049 248 2090 me
270 2031 426 2092 crederem
445 2048 533 2109 posse
552 2051 569 2093 a
595 2029 706 2092 civibus
727 2033 818 2093 meisi
847 2030 983 2094 temleri
1005 2039 1154 2094 momento

200 2131 266 2174 mea
289 2114 366 2192 apud
387 2133 438 2176 vos
459 2115 536 2176 fama
556 2113 688 2194 pendeti
718 2114 832 2177 adeone
853 2121 898 2177 est
915 2115 1035 2176 lundata
1049 2114 1154 2176 ieviter

152 2203 180 2254 ιι
199 2195 281 2268 tides,
296 2203 336 2267 ut,
355 2196 407 2257 nbi
420 2199 485 2267 sim,
504 2213 592 2274 quam
607 2199 658 2274 qui
672 2197 742 2268 sim,
757 2198 850 2276 magis
866 2198 993 2260 reserati
1023 2215 1084 2258 non
1100 2197 1153 2258 ob·

199 2277 317 2340 stabunt
333 2279 420 2340 Publi
434 2279 532 2341 Valeri
547 2280 635 2342 aedes
649 2278 778 2342 libertati
792 2288 921 2353 vestrae,
938 2279 1075 2352 Quirites,
1092 2288 1153 2342 tuta

199 2368 256 2422 erit
274 2361 357 2423 vobis
371 2361 461 2425 Velia.
486 2363 617 2424 deseram
632 2365 734 2423 nonin
748 2363 870 2444 pianum
884 2365 972 2426 modo
987 2366 1083 2435 aedes,
1100 2364 1152 2426 sed

199 2442 268 2505 colli
290 2446 377 2506 etiam
396 2445 553 2518 subiciam,
575 2453 677 2508 utros
697 2464 787 2525 supra
804 2456 973 2526 suspectum
993 2467 1041 2510 me
1058 2448 1153 2509 civem

197 2527 343 2591 habitetis.
373 2530 404 2589 in
419 2529 499 2591 Velia
515 2529 680 2599 aedificent,
697 2529 804 2607 quibus
820 2530 926 2592 meiius
943 2548 1032 2609 quam
1048 2532 1080 2592 P.
1096 2531 1151 2592 Va·

150 2622 181 2674 12
198 2609 272 2672 ierio
297 2612 428 2673 creditur
443 2610 596 2674 libertas.“
626 2612 720 2674 delata
743 2614 898 2675 confestim
917 2617 1041 2676 materia
1056 2615 1152 2676 omnis

197 2695 274 2756 inira
289 2694 414 2766 Veliam,
433 2702 475 2768 et,
491 2695 543 2756 ubi
560 2713 640 2758 nuuc
654 2697 743 2758 Vicae
758 2696 848 2758 Potae
865 2705 922 2770 est,
939 2698 1043 2759 domus
1060 2699 1090 2756 in
1104 2700 1151 2757 in-

197 2778 266 2838 fimo
282 2777 356 2838 clivo
372 2779 530 2840 aedificata.

165 2873 178 2922 1
259 2859 330 2921 viii.
347 2861 436 2922 Latae
451 2861 557 2924 deinde
575 2858 666 2940 leges,
685 2880 747 2924 non
759 2862 855 2924 solum
870 2880 946 2940 quae
957 2865 1042 2943 regni
1053 2865 1150 2942 suspi-
1270 2857 1271 2860 ’

197 2945 284 3005 cione
298 2943 450 3006 consulem
466 2945 661 3017 absolverent,
679 2946 732 3008 sed
748 2961 823 3024 quae
837 2947 911 3008 adeo
925 2948 957 3008 in
969 2948 1150 3009 contrarium

162 3034 359 3099 averterent,
380 3035 413 3088 ut
432 3028 607 3109 popularem
625 3031 712 3091 etiam
727 3029 869 3091 iacerent.
899 3030 969 3093 inde
984 3049 1150 3110 cognomen

195 3111 305 3172 iactum
325 3109 496 3174 Publicolae
517 3119 569 3176 est.
605 3120 672 3174 ante
693 3130 796 3174 omnes
818 3112 855 3175 de
874 3117 1083 3194 provocatione
1098 3115 1150 3175 ad·

195 3211 299 3256 versus
322 3197 508 3276 magistratus
529 3195 566 3257 ad
586 3196 728 3276 populum
752 3197 955 3275 sacrandoque
974 3215 1043 3281 cum
1063 3197 1151 3260 bonis

197 3279 293 3356 capite
315 3279 391 3351 eius,
417 3282 467 3358 qui
484 3279 569 3359 regni
587 3279 752 3359 occupandi
768 3280 891 3342 consilia
907 3282 1026 3354 inisset,
1049 3289 1150 3360 graiae

162 3374 178 3426 3
196 3361 227 3419 in
244 3360 346 3438 vulgus
360 3360 441 3441 leges
455 3365 548 3425 fuere.
583 3382 656 3441 quas
673 3382 741 3425 cum
757 3363 837 3426 solus
854 3363 1034 3444 pertulisset,
1050 3373 1082 3427 ut
1095 3383 1150 3427 suu

195 3446 282 3506 unius
306 3446 338 3504 in
362 3445 409 3506 his
429 3448 523 3523 gratia
546 3453 634 3518 esset,
660 3454 723 3508 tum
745 3447 852 3510 deiude
878 3449 996 3510 comitia
1017 3448 1152 3528 collegae
1267 3457 1268 3520 J
