2572 3956
217 269 277 332 134
368 281 463 323 creua
478 281 527 322 111.
553 279 624 322 our.
639 271 665 324 8.
680 271 706 325 9.
732 259 770 343 [a.
786 282 816 321 u.
834 279 860 322 c.
877 271 936 325 292.
953 255 1014 339 293]
1092 245 1095 250 ⁵

216 436 358 510 gantque,
375 436 405 492 et
417 427 575 508 conpulsos
589 429 620 487 in
636 446 720 489 cavas
732 425 839 496 valles,
856 443 925 486 cum
938 427 1032 487 exitus
1044 423 1124 486 baud
1140 427 1172 486 in

167 523 199 578 to
216 513 294 576 lacill
314 520 427 584 essent,
454 512 698 572 circumveniunt.
728 509 770 570 ibi
785 507 923 570 Volsciun
944 525 1053 570 nomen
1075 525 1172 587 prope

216 597 345 659 deletum
367 603 421 658 est.
457 595 527 662 mn
544 608 712 660 ccccm
734 593 877 655 cecidisse
898 593 930 652 in
951 593 1014 654 acie
1035 603 1069 652 ac
1090 590 1172 670 luga,

214 679 338 743 mucul
348 681 428 740 uiros
442 685 560 758 captos,
583 677 666 754 sigua
680 674 784 738 XXVII
801 675 939 737 militaria
953 674 1046 738 relata
1060 675 1091 734 iu
1106 675 1172 752 qui-

215 764 339 826 busdam
354 760 508 824 annalibus
522 761 656 827 invenio;
678 759 730 820 ubi
751 759 806 821 etsi
821 759 968 820 adiectum
984 757 1094 838 aliquid
1116 775 1172 818 nu·

167 856 196 909 11
215 866 298 910 mero
312 847 364 916 sit,
379 862 485 922 magna
502 850 583 905 certe
598 841 704 904 caedes
719 843 783 905 fuit.
814 844 907 903 victor
923 841 1042 912 consul,
1058 843 1172 919 ingenti
1278 847 1279 852 ’

214 927 326 1012 praeda
349 930 475 1008 potitus,
505 921 609 989 eodem
634 927 666 987 in
687 927 789 988 stativa
817 925 914 987 rediit.
950 931 1014 986 turn
1034 922 1173 986 consules

216 1018 312 1076 castra
327 1014 526 1090 coniungunt,
548 1016 577 1073 et
588 1009 686 1070 Volsci
703 1001 856 1090 Aequique
872 1005 1003 1071 addicas
1015 1011 1090 1072 vires
1102 1025 1172 1069 snas

214 1099 355 1160 inunum
372 1094 534 1156 contulere.
565 1095 652 1156 tertia
666 1088 716 1154 illa
729 1111 828 1172 pugna
844 1109 879 1155 eo
890 1109 967 1152 anno
981 1093 1051 1160 iuit3
1069 1091 1173 1152 eadem

216 1182 336 1242 fortuna
348 1179 501 1240 victoriam
513 1178 608 1241 dedit:
625 1177 699 1240 lusis
712 1175 848 1238 hostibus
860 1178 947 1238 etiam
963 1181 1059 1236 castra
1075 1180 1172 1254 capta.

183 1271 198 1325 1
279 1264 327 1326 [Χ.
361 1263 409 1326 Sic
421 1281 471 1324 res
479 1261 611 1324 Romana
622 1263 653 1321 iu
665 1263 819 1340 antiquum
829 1265 938 1322 statum
949 1259 1050 1330 rediit,
1066 1275 1173 1320 secun·
1246 1329 1251 1336 ,

217 1350 330 1428 (lacque
354 1345 426 1409 belii
448 1365 498 1408 res
526 1344 673 1424 extemplo
692 1344 828 1420 urbanos¹
844 1349 942 1404 motus
962 1344 1173 1404 excitaverunt.

182 1433 306 1496 sGaius
326 1429 505 1493 Terentilius
521 1429 615 1490 Harsa
630 1427 768 1491 tribunus
789 1426 886 1508 plebis
902 1445 937 1489 eo
958 1445 1035 1488 anno
1052 1423 1117 1488 luit.
1146 1426 1174 1486 is
1280 1459 1281 1506 t

218 1513 389 1576 consulibus
405 1512 577 1574 absentibus
595 1519 678 1574 ratus
698 1511 797 1576 locum
817 1509 984 1572 tribuniciis
1007 1507 1174 1571 actionibus
1280 1507 1281 1550 l

218 1599 333 1670 datum,
348 1616 403 1678 per
415 1595 526 1676 aliquot
541 1595 603 1656 dies
614 1602 733 1674 patrum
747 1594 918 1675 superbiam
932 1594 968 1655 ad
979 1591 1097 1674 plebem
1114 1593 1174 1652 cri·
1280 1619 1281 1634 κ

216 1683 359 1753 urinatus,
369 1681 498 1744 maxime
509 1681 540 1738 in
552 1677 707 1740 consulare
719 1679 878 1759 imperium
889 1685 1038 1758 tamquam
1048 1677 1175 1736 nimium

183 1777 273 1832 tneo
293 1760 446 1828 tolerabile
468 1761 581 1825 liberae
597 1763 706 1824 civitati
722 1761 926 1824 invehebatur.
957 1762 1076 1822 nomine
1093 1761 1175 1821 enim
1244 1761 1248 1766 '

217 1855 332 1912 tantum
343 1850 441 1909 nunus
452 1847 643 1917 invidiosum,
656 1864 690 1908 re
702 1847 766 1926 ipsa
776 1865 871 1926 prope
882 1846 1011 1907 atrocius
1023 1861 1111 1925 quam
1124 1861 1174 1905 re·
1280 1849 1281 1862 ¹

183 1935 298 2014 egium
313 1952 392 1996 esse:
421 1933 530 2011 quippe
550 1931 624 1992 dnos
646 1948 701 2010 pro
725 1947 784 1991 uno
801 1927 935 1990 dominos
949 1935 1105 2008 acceptos,
1126 1928 1174 1985 in·

216 2017 384 2086 moderata,
401 2016 515 2076 infinita
526 2019 687 2094 potestate,
704 2015 755 2092 qui
770 2012 859 2074 soluti
870 2019 957 2091 atque
970 2007 1104 2073 effrenati
1116 2011 1175 2088 ipsi
1280 2033 1281 2042 ¹

217 2101 313 2161 omnis
328 2104 425 2160 metus
449 2096 548 2176 legum
565 2097 723 2175 omniaque
737 2095 882 2176 supplicia
897 2099 1047 2158 verterent
1064 2095 1096 2154 in
1110 2093 1174 2172 ple-

183 2196 200 2246 b
216 2182 295 2246 bem.
322 2200 397 2262 quae
416 2201 455 2242 ne
471 2188 593 2242 aeterna
605 2179 664 2240 illis
679 2181 798 2242 licentia
815 2181 867 2250 sit,
883 2179 979 2257 legem
994 2195 1030 2241 se
1040 2175 1174 2257 promul·
1280 2169 1281 2226 ἕ

217 2274 371 2344 gaturum‚
387 2268 421 2325 ut
429 2265 560 2344 quinque
570 2265 625 2324 riri
637 2271 777 2328 creentur
791 2263 907 2342 legibus
918 2261 954 2325 de
964 2262 1090 2342 imperio
1102 2277 1173 2320 con·
1280 2285 1281 2288 ¹

217 2349 309 2411 sulari
319 2343 494 2411 scribendis
522 2347 739 2428 quodpcpulus
753 2349 827 2410 inse
839 2348 885 2410 ins
903 2345 1035 2416 dederit,
1051 2363 1086 2408 eo
1101 2361 1174 2406 con·

217 2431 312 2496 sulem
323 2449 462 2501 usurum;
477 2449 538 2492 non
554 2433 635 2511 ipsos
650 2431 803 2494 libidinem
814 2449 848 2492 ac
858 2429 1008 2492 licentiam
1019 2447 1102 2491 sunm
1117 2445 1172 2508 pro

182 2525 200 2577 d
216 2517 282 2596 lege
293 2514 457 2578 habituros.
482 2533 539 2595 qua
554 2515 739 2595 promulgata
753 2515 820 2596 lege
831 2533 900 2577 curn
911 2515 1051 2576 timerent
1061 2519 1172 2592 patres,

216 2620 254 2664 ne
281 2598 454 2662 absentibus
474 2599 646 2660 consulibus
670 2601 772 2679 iugum
793 2601 979 2680 acciperent,
1008 2603 1128 2660 senatus
1157 2615 1174 2656 a

215 2685 365 2764 praelecto
386 2679 628 2751 urbicorum
649 2688 788 2752 vocatum
811 2685 862 2764 qui
883 2683 956 2744 adeo
979 2682 1120 2744 atrociter
1141 2680 1173 2740 in

214 2769 400 2847 rogationem
414 2766 598 2845 latoremque
621 2769 719 2849 ipsum
742 2774 786 2830 est
807 2767 957 2838 invectus,
978 2773 1012 2827 ut
1032 2761 1122 2832 nihil,
1146 2765 1172 2827 si

216 2851 303 2912 arrrbo
319 2848 456 2911 consules
477 2847 578 2911 inlesti
594 2853 823 2914 circumstarent
838 2851 1009 2923 tribunum,
1034 2847 1173 2910 relictum
1280 2849 1281 2896 ἓ

182 2952 197 3000 7
216 2935 363 2996 minarum
378 2939 466 3013 atque
484 2935 610 2995 terroris
630 2936 683 2997 sit:
714 2936 886 2997 insidiatum
906 2953 974 2997 eum
990 2939 1020 2996 et
1038 2941 1173 3012 tempore

182 3032 199 3082 s
217 3024 303 3098 capto
314 3016 450 3079 adortum
461 3035 526 3078 rem
537 3016 695 3098 publicam.
724 3019 750 3080 si
762 3019 850 3099 quem
859 3018 984 3082 similem
997 3020 1059 3080 eius
1071 3017 1173 3096 priore

216 3120 294 3164 anno
310 3103 388 3164 inter
406 3100 544 3162 morbum
561 3099 732 3181 bellumque
750 3104 819 3164 irati
839 3101 879 3164 dii
901 3101 1054 3162 tribunum
1074 3098 1172 3161 dedis·
1280 3141 1281 3146 η

215 3193 295 3257 sent,
317 3203 378 3247 non
393 3185 525 3264 potuisse
542 3185 615 3247 sisti.
648 3187 773 3248 mortuis
790 3185 905 3249 duobus
921 3183 1107 3252 consulibus,
1128 3184 1170 3242 ia·

215 3277 301 3333 cente
322 3287 409 3348 aegra
429 3269 544 3330 ciuitate
558 3270 591 3329 in
607 3267 782 3331 conluvione
798 3273 928 3330 omnium
940 3287 1043 3330 rerum
1064 3266 1101 3328 ad
1115 3265 1172 3326 tol·
1280 3307 1281 3314 ,

214 3353 335 3415 lendum
354 3353 401 3414 rei
418 3351 556 3430 publicae
580 3351 736 3414 consudare
758 3353 917 3497 imperium
938 3351 1068 3414 laturum
1090 3349 1172 3427 leges

214 3437 320 3508 luisse,
337 3437 442 3499 ducem
458 3435 571 3496 Volscis
586 3437 754 3516 Aequisque
769 3455 785 3496 a
823 3435 1051 3516 oppugnandam
1064 3431 1172 3494 urbem

180 3519 356 3590 tluturum.
386 3517 457 3597 quid
478 3518 618 3580 tandem?
642 3519 685 3580 illi
700 3517 883 3590 nonlicere,
903 3521 927 3582 si
945 3519 1015 3598 quid
1032 3515 1172 3578 consules
1280 3563 1281 3572 ,
