2580 3954
290 185 384 226 44444444
399 184 443 226 rv
471 183 543 224 444.
558 174 585 228 8
601 173 628 228 9
651 162 691 244 [a
708 164 775 226 (114.
790 175 850 227 444
862 163 925 246 443]
1014 171 1083 248 21115

128 336 201 396 tium
217 337 262 396 est
275 333 336 402 rei,
360 331 466 410 quod
459 348 490 394 444
507 329 617 410 populo
640 348 694 410 per
720 331 827 395 multos
848 350 941 410 annos
961 335 1101 416 incenso7

8 489 12 497 K
128 435 225 496 neque
240 415 353 479 (11114441
371 431 478 477 444444
491 421 623 493 4414441,
639 433 737 494 neque
755 401 942 485 oonsulibus,
958 435 1026 496 cum
1040 424 1085 478 tot

127 498 308 581 populorum
329 497 409 560 bella
432 499 637 568 imminerent,
663 517 773 578 operae
798 506 862 562 erat
882 499 912 560 id
932 487 1084 582 uegetum

128 601 225 662 agere.
255 584 365 644 mentio
384 581 473 644 inlata
488 581 524 644 414
539 588 645 644 senatu
656 591 718 654 est
733 597 797 645 rem
809 601 965 663 operosam
980 602 1015 644 44
1030 586 1084 668 mi·
1102 592 1118 641 t

127 669 207 728 nime
226 664 413 728 consularem
429 684 483 728 suo
498 667 621 745 proprio
638 669 812 744 4444144414
830 685 932 746 egere,
948 669 998 728 cui
1011 670 1084 734 scri·

127 750 234 812 barum
247 750 444 812 ministerium
456 749 668 828 custodiaeque
683 749 739 832 [et]
752 751 920 814 tabidarum
933 769 1019 822 cura,
1036 753 1084 815 cui

127 833 284 896 arbitrium
294 832 439 896 1444444144
451 833 592 896 censendr
604 833 799 898 subrueretur
827 842 857 896 41
870 841 971 914 patres
982 852 1084 916 quarn
1102 848 1118 896 4

127 936 215 997 quam
225 936 291 981 rem
302 935 436 996 parvam
451 922 566 990 tamen,
582 935 640 997 quo
655 918 757 998 plures
768 920 885 997 44144444
896 920 1084 1000 magstratus

125 1005 157 1064 in
174 999 342 1080 republica
357 1008 470 1071 essent,
486 999 556 1064 laeti
571 1019 730 1081 44444444
753 1003 784 1064 id
797 1003 887 1102 qnod·
893 1003 1001 1064 evenit
1006 1003 1084 1078 lutu-

124 1104 193 1146 rum
207 1085 297 1149 credo
309 1086 396 1148 etiam
406 1086 477 1156 rati,
494 1091 527 1147 ut
541 1103 610 1148 mox
620 1104 692 1164 opes
705 1104 823 1156 eorum,
839 1088 890 1165 qui
900 1094 1083 1166 praeessent,

120 1170 183 1249 ipsi
202 1169 382 1233 1444441144
404 1168 645 1247 maiestatemque
666 1169 827 1232 adicerent.
858 1169 1034 1240 4114114441,
1054 1169 1119 1230 ruo

126 1253 206 1332 quod
229 1260 301 1314 tuuc
322 1259 400 1321 4441,
425 1253 519 1330 magis
537 1253 739 1316 necessarium
753 1271 841 1332 quam
854 1254 982 1332 speciosi
997 1254 1084 1317 mini·

125 1337 209 1400 414411
224 1337 465 1416 procurationem
485 1336 649 1408 intuentes,
671 1354 710 1400 ne
732 1338 763 1397 in
784 1339 883 1415 parvis
898 1355 1017 1417 quoque
1036 1356 1084 1418 re·

124 1420 181 1482 bus
195 1419 383 1482 incommode
394 1419 636 1490 adversarentur,
653 1419 732 1481 haud
748 1421 992 1484 sanctetendere.
1017 1432 1085 1485 44414
1103 1434 1118 1482 4

126 1502 334 1603 aprimoribus
350 1504 473 1566 civitatis
488 1509 607 1582 spretus
618 1503 716 1564 honor
731 1511 823 1576 esset,
836 1504 989 1584 Papirium
1001 1505 1094 1568 Sem·

124 1589 337 1669 propiumque,
363 1605 491 1667 quorum
515 1587 551 1649 de
580 1587 734 1656 consulatu
758 1587 962 1660 dubitabatur,
988 1597 1021 1652 ut
1047 1608 1084 1670 eo

124 1672 298 1749 magistratu
314 1689 420 1751 parum
437 1669 564 1734 solidum
583 1670 768 1735 consulatum
791 1670 959 1751 explerent,
983 1673 1085 1744 censui

124 1756 238 1899 {egendo
254 1755 382 1834 populus
393 1756 539 1832 suffragiis
553 1756 706 1833 praefecit.
738 1755 926 1822 censoresab
937 1774 970 1818 44
982 1753 1083 1836 appel-

137 1840 178 1902 ati
191 1846 270 1902 44441.

189 1921 235 1984 IX.
269 1922 345 1986 Dum
359 1922 433 1984 haec
452 1922 563 1983 Romae
579 1929 738 2000 geruntur,
760 1922 852 2000 legati
866 1921 901 1983 41
918 1921 1011 1984 Ardea
1034 1941 1082 2004 ve·
1104 1933 1116 1984 1

125 2010 210 2070 niunt
223 2025 278 2086 pro
295 2008 453 2070 veterrima
468 2007 608 2070 societate
621 2012 822 2085 renovatoque
836 2005 957 2068 loedere
968 2007 1083 2069 recenti

125 2089 264 2153 auxilimn
288 2109 383 2170 prope
410 2107 529 2152 eversae
555 2086 623 2151 urbi
647 2089 845 2168 inplorantes:
872 2090 932 2150 1441
956 2102 1117 2170 namque2

125 2193 218 2256 pace,
237 2176 347 2253 optimo
366 2172 491 2240 consilio
507 2190 576 2236 cum
597 2172 707 2253 populo
721 2174 855 2238 Romano
875 2180 1005 2245 servata,
1028 2190 1084 2252 per
1108 2210 1113 2248 2

123 2260 264 2320 intestina
285 2276 365 2320 arma
390 2275 452 2319 non
473 2257 565 2318 licuit.
597 2275 723 2336 44444444
748 2277 837 2320 causa
858 2265 946 2338 atque
965 2259 1083 2319 initium

124 2341 250 2403 traditur
262 2361 298 2403 ex
309 2343 471 2404 certamine
482 2342 643 2402 landunum
652 2349 760 2412 ortum,
772 2359 847 2421 quae
854 2342 976 2403 luerunt
983 2347 1083 2404 crunt-
1101 2355 1117 2406 3

124 2445 183 2505 que
205 2424 340 2503 pluribus
360 2424 478 2505 populis
501 2426 594 2503 magis
616 2426 705 2486 441114
733 2443 822 2504 qnam
843 2425 932 2498 bella
952 2431 1082 2495 externa,

124 2527 213 2589 quam
228 2509 321 2571 lames
343 2508 492 2580 morbive,
516 2525 652 2589 quaeque
672 2508 730 2570 alia
747 2509 779 2570 in
801 2509 889 2570 deum
906 2510 984 2580 iras,
1006 2508 1084 2572 velut

124 2593 227 2654 ultima
253 2591 442 2671 publicorum
464 2592 625 2663 malorum,
649 2598 777 2654 44414441
817 2593 962 2671 virginem
983 2591 1116 2672 plebeil

124 2677 242 2756 generis
256 2677 383 2738 maxime
395 2676 492 2739 forma
501 2683 601 2742 notam
612 2677 726 2776 4411444
739 2679 875 2748 iuvenes,
891 2675 965 2752 alter
976 2677 1082 2776 virgini

125 2777 236 2838 genere
249 2778 318 2839 par,
334 2761 482 2823 tutoribus
496 2760 606 2830 fretus,
624 2761 675 2839 qui
689 2762 738 2822 41
730 2746 933 2840 rpsreinsdem
948 2761 1083 2840 44444414

125 2850 226 2914 eraut,
247 2844 356 2906 nobilis
371 2844 461 2914 alter,
485 2843 566 2908 nulla
583 2859 618 2905 re
632 2850 841 2924 praeterquam
857 2845 952 2906 forma
968 2849 1081 2928 444144.

125 2927 301 2989 adiuvabant
317 2946 385 2990 eum
400 2929 594 3008 optumatium
615 2926 729 2998 studia,
749 2947 803 3007 per
825 2947 900 3007 quac
915 2930 946 2991 in
962 2915 1083 2990 domum
1100 2939 1116 2992 t

125 3028 244 3109 quoque
258 3010 375 3088 puellae
390 3017 541 3074 certamen
556 3012 686 3090 partium
702 3014 877 3091 penetrarit.
909 3011 1023 3072 nobilis
1034 3031 1083 3075 su·

123 3095 226 3175 perior
252 3094 365 3156 iudicio
388 3097 489 3157 matris
517 3113 598 3166 esse,
629 3111 705 3174 quae
727 3113 815 3175 quam
837 3095 1083 3174 splendidissimis

78 3213 89 3226 κ
124 3180 236 3257 nuptiis
257 3179 341 3257 iungi
362 3177 491 3257 puellam
511 3177 642 3248 44141414
671 3186 785 3242 1414444
805 3181 836 3240 ia
856 3197 896 3251 44,
911 3196 1029 3258 quoque
1049 3197 1083 3241 re

124 3265 254 3341 partium
269 3280 417 3324 memores
432 3262 470 3323 ad
481 3279 568 3325 suum
578 3263 710 3327 tendere.
741 3280 810 3325 cum
824 3280 873 3325 444
887 3262 991 3342 peragi
1004 3263 1082 3324 144144
1099 3273 1116 3326 o

124 3348 253 3424 parietes
277 3347 443 3426 nequisset,
472 3351 592 3408 rentum
614 3347 644 3408 in
657 3348 779 3410 ineest
811 3346 963 3427 postulatu
982 3347 1081 3408 audito

106 3480 108 3485 .
126 3431 226 3492 matris
242 3436 434 3509 tutorumque
453 3431 641 3508 magistratus
661 3430 825 3494 secundum
849 3431 980 3510 parentis
1003 3429 1081 3491 arbi·
