2580 3954
206 225 265 288 182
345 235 441 278 suns
458 235 505 278 ω.
531 234 602 276 car.
618 224 661 278 58.
677 224 722 279 59.
740 224 782 277 en
813 219 898 288 [nn.
915 218 1021 286 edos]

206 385 352 464 Oppiique
367 382 480 444 tribum
495 379 692 460 publicavere.
719 378 849 458 collegae
864 396 967 442 eorum
982 377 1062 440 exilii
1073 397 1162 442 eausa

205 468 301 530 solum
315 473 482 536 rentmmt,
499 464 577 525 bona
591 463 740 542 publicata
753 469 829 524 unt
860 470 892 524 et
902 463 940 524 bl.
958 461 1095 524 Claudius
1109 463 1162 524 ad·

204 559 304 612 sertor
316 548 476 626 Verginiae.
486 549 534 610 die
549 548 625 608 dicta
641 547 809 616 tonnano,
824 548 890 624 ipso
903 547 1072 608 remittente
1089 546 1162 608 Ver·

205 636 285 712 ginio
305 632 438 693 ultimam
456 645 589 710 pocnsm
608 630 761 700 dlmbsus,
786 627 880 690 Tibm
902 628 1050 690 exulatum
1072 627 1160 690 abiit:

156 733 186 785 11
205 733 368 794 manesque
381 715 551 794 Verginiae.
572 719 706 774 mortuno
722 729 811 789 quam
830 713 910 774 vivae
925 711 1083 782 felicioris,
1106 729 1162 790 per

205 808 249 861 tot
265 800 372 860 desnos
395 799 431 858 ad
454 797 596 876 petendas
617 813 728 876 poenas
748 797 841 872 vagati
859 794 942 856 nullo
958 793 1062 856 relicto
1077 803 1162 856 sonte

204 885 323 945 tandem
340 883 524 959 quieverunt
781 931 783 936 .

172 977 186 1027 1
267 965 346 1026 bix:
368 965 475 1042 ingens
493 970 591 1026 metus
608 965 771 1024 incesserat
789 968 906 1041 patres,
925 960 1080 1040 vultusque
1101 979 1161 1024 ram

203 1049 274 1110 inde
287 1046 478 1108 mibunornn
488 1054 573 1109 erant
587 1047 638 1124 qui
649 1046 883 1108 decemvirorum
897 1046 1031 1116 fuerant,
1046 1063 1115 1108 oum
1121 1045 1161 1106 Μ.
1275 1099 1276 1102 ,

204 1131 328 1194 Duillius
348 1129 602 1209 tribunusplebis
622 1128 748 1190 inhibito
768 1127 926 1192 salubriter
945 1128 1033 1190 modo
1053 1129 1162 1192 nimiae

170 1215 407 1295 sputastati„ct
426 1213 591 1276 uberum‘
612 1215 708 1290 inquit
728 1203 867 1284 ‚nostrae
891 1220 923 1273 et
939 1229 1104 1291 poenarum
1124 1231 1162 1274 ex
1274 1277 1276 1290 ¹

203 1299 332 1360 inimicis
347 1299 418 1359 satis
433 1305 485 1360 est.
515 1299 613 1375 itaque
628 1295 687 1356 boe
696 1313 777 1358 anno
790 1313 847 1357 nec
861 1296 942 1358 diem
951 1293 1010 1358 dici
1024 1297 1161 1374 cuiquam

169 1391 186 1444 3
203 1398 260 1444 nea
277 1384 311 1442 in
325 1379 419 1442 vinda
437 1381 505 1442 duci
521 1395 700 1458 quemquam
714 1397 780 1442 snm
800 1396 950 1458 passurus.
980 1397 1049 1442 nam
1064 1396 1161 1456 neque

203 1473 302 1528 vetera
317 1471 439 1543 peecata
457 1465 553 1541 repeti
569 1464 687 1524 iamiam
702 1461 859 1524 obliterata
872 1461 984 1542 placet,
1004 1479 1071 1524 curn
1086 1480 1162 1523 nova

168 1549 318 1626 sexpnata
338 1547 400 1607 sint
412 1546 647 1607 decemvirorum
669 1544 837 1624 suppliciis,
859 1553 889 1618 et
907 1545 982 1608 nihil
1001 1545 1162 1608 admissum

201 1632 256 1700 iri,
283 1630 362 1707 qnod
383 1631 441 1690 rim
462 1627 652 1690 tribuniciam
681 1629 844 1700 desideret,
869 1629 997 1708 spondet
1018 1638 1162 1708 perpetua

202 1713 357 1775 connum
377 1711 533 1774 amborum
553 1713 584 1772 in
596 1711 734 1773 libertate
756 1718 852 1774 vestra
871 1713 981 1774 tuenda
994 1721 1096 1774 eura.“
1125 1730 1162 1774 ea

201 1798 331 1876 primurn
341 1795 503 1857 moderatio
514 1794 626 1856 tribuni
636 1801 747 1858 motum
755 1793 1033 1875 patrihusdempsit,
1043 1796 1161 1858 cadem·

202 1896 260 1956 que
275 1881 355 1939 auxit
370 1878 526 1940 consulum
538 1879 694 1949 invidiam,
718 1879 798 1956 quod
819 1879 893 1940 adeo
908 1881 964 1941 toti
976 1877 1072 1958 plebis
1087 1879 1162 1940 luis·
1275 1917 1276 1949 q

202 1971 282 2033 seut,
304 1971 336 2022 nt
356 1971 473 2041 patrum
488 1961 589 2024 salutis
607 1961 811 2040 libertatisque
827 1965 912 2041 prior
931 1960 1049 2042 plebeio
1067 1964 1161 2042 magi-

202 2047 305 2108 stratui
318 2063 406 2123 quarn
421 2047 547 2124 patricio
562 2063 633 2106 eura
648 2046 765 2116 luisset,
790 2053 819 2107 et
839 2053 907 2107 ante
920 2047 1057 2131 inituiens
1073 2048 1161 2108 satie·

122 2145 186 2270 N
202 2137 247 2190 tas
259 2145 425 2208 poenarum
438 2145 559 2192 suarum
574 2130 715 2207 cepisset,
733 2145 822 2206 quam
833 2127 950 2192 obviam
962 2130 1056 2194 ituros
1066 2128 1161 2191 licen-

200 2215 258 2274 tiae
274 2230 379 2274 eorum
394 2212 531 2274 consules
547 2219 712 2290 appareret
745 2210 889 2290 mutique
906 2219 992 2274 erant
1012 2214 1064 2291 qni
1084 2211 1161 2273 mol·
1274 2265 1275 2272 ,

201 2295 258 2356 ltus
274 2293 440 2356 cunsnlnnn
454 2295 603 2364 dicerent,
617 2295 698 2372 quod
707 2291 806 2373 legum
821 2293 857 2356 ab
873 2297 912 2356 iis
924 2295 1048 2356 latarum
1059 2303 1161 2376 patres

201 2385 336 2439 memores
353 2377 493 2448 inissent,
515 2395 615 2455 neque
638 2384 702 2440 erat
725 2377 865 2448 dubium,
887 2380 958 2458 quin
979 2378 1097 2442 trubato
1113 2397 1161 2440 ret

201 2460 336 2539 publicae
351 2468 428 2523 statu
444 2463 574 2540 temperi
587 2459 820 2524 succubuissent.

167 2549 181 2601 1
260 2543 318 2606 LX.
358 2544 504 2607 &mules
526 2543 621 2608 rebus
642 2543 765 2606 urbanis
791 2547 951 2626 conpositis
976 2546 1159 2623 suadeoque

199 2626 295 2706 plebis
311 2634 387 2688 statu
404 2630 438 2688 in
449 2630 619 2706 provincias
631 2629 739 2690 diversi
754 2626 864 2690 abiere.
897 2628 1030 2690 Valerius
1054 2629 1159 2690 adver·

201 2728 250 2771 sns
266 2712 440 2771 coniunctos
453 2712 513 2772 lam
525 2714 557 2772 ln
572 2711 677 2790 Algido
691 2712 840 2774 exercitus
852 2712 1023 2790 Aequorum
1037 2710 1158 2774 Volsco-

166 2808 183 2856 2
199 2811 325 2871 rumque
339 2795 476 2854 sustinuit
493 2795 616 2856 oonsilio
631 2794 758 2864 bellum;
783 2795 863 2873 quod
889 2793 1076 2875 siextemplc
1092 2813 1159 2857 rem
1273 2849 1274 2856 ,

199 2876 335 2936 ἰοηιιιιειο
356 2877 564 2949 commisisset,
587 2877 667 2939 haud
687 2881 749 2939 seio
773 2896 825 2949 an,
853 2881 905 2958 qui
924 2886 988 2942 tum
1006 2880 1096 2940 animi
1119 2877 1157 2939 ab

200 2958 437 3020 decemvirorum
458 2960 626 3022 infelicibus
647 2962 787 3040 auspiciis
802 2961 943 3024 Romanis
962 2961 1158 3040 hostibusque

164 3045 181 3095 3
199 3049 298 3113 erant,
309 3059 417 3121 magno
428 3043 604 3106 detrimento
617 3052 768 3107 certamen
779 3052 922 3107 staturum
933 3047 1030 3109 luerit
1053 3047 1158 3108 castris

197 3125 278 3187 mille
291 3143 432 3206 passuum
448 3125 487 3188 ab
503 3126 589 3190 hoste
605 3129 710 3207 positis
728 3130 828 3208 copias
848 3129 1026 3192 continebat
1055 3129 1157 3192 hostes

196 3210 326 3272 medium
347 3211 425 3272 inter
449 3210 521 3273 bina
535 3219 629 3274 castra
653 3213 779 3290 spatium
793 3213 857 3274 acie
877 3214 1021 3276 instructa
1033 3213 1157 3292 conple-

195 3290 281 3363 bant,
301 3293 589 3374 prevocantibusque
603 3295 640 3357 ad
655 3294 803 3374 proelium
814 3313 991 3376 responsum
1004 3297 1156 3358 Romanus
1272 3305 1273 3344 l

195 3389 283 3436 nemo
297 3375 448 3439 reddebat
478 3379 597 3442 tandem
611 3380 723 3459 fatigati
737 3379 845 3443 stando
856 3398 891 3441 ac
910 3383 1089 3458 nequiquam
1103 3398 1156 3441 ex·

195 3459 340 3533 pectendo
370 3467 519 3522 certamen
539 3463 632 3540 Aequi
657 3461 828 3541 Volscique,
855 3470 1010 3542 postquam
1031 3461 1155 3526 eonces-
