2572 3956
284 229 378 272 amne
392 229 428 273 ιι.
456 229 525 273 oar.
540 221 584 277 tt·
598 221 641 276 at.
673 210 712 295 [e.
729 213 762 275 O.
779 212 907 297 isti-480]
1014 219 1074 282 105

117 375 306 449 accelerare,
330 385 395 448 aut,
415 379 445 438 si
464 375 543 438 aliud
557 377 647 449 nihil,
669 388 748 441 stare
768 382 935 443 instructos.
960 383 1115 444 iniussnt

119 462 204 539 signa
218 460 362 532 referunt,
378 461 539 538 maestique
556 493 594 506 ·-
611 462 752 525 crederes
769 465 862 526 vicies
878 497 912 510 -
935 483 1075 527 execran-

118 551 164 606 tes
188 560 267 606 nunc
287 545 496 623 imperatorem
515 561 595 605 nunc
618 553 751 607 navatam
771 545 808 608 ab
837 549 934 625 equite
955 565 1075 628 operam

118 627 246 688 redeunt
259 629 292 687 in
306 634 411 688 eastra.
443 643 499 688 nec
512 626 582 688 huic
600 633 659 689 tam
672 629 823 710 pestilenti
833 630 968 712 exemplo
978 647 1116 698 reme-lc

118 711 167 772 dia
189 709 248 772 ulla
268 708 306 771 ab
322 711 503 790 imperatore
517 713 649 788 quaesita
665 718 748 774 sunt:
769 713 843 775 adeo
862 713 1076 778 excellentibus

117 795 246 873 ingeniis
268 794 354 854 citiam
370 792 498 855 deluerit
512 811 576 866 ars,
597 811 655 873 qua
670 796 763 857 civem
779 804 897 876 regant,
915 816 1004 877 quam
1019 815 1076 878 qua

117 876 235 940 hostem
247 883 398 956 superent
417 874 521 938 consul
536 875 659 939 Romam
676 879 765 940 rediit
777 897 838 941 non
855 880 1110 961 iambelliglo·1i

118 962 162 1020 ria
180 967 264 1021 ancta
280 977 369 1038 quam
383 961 503 1022 inritato
519 959 753 1040 exacerbatoque
766 965 798 1024 in
815 983 847 1026 se
858 963 984 1026 millium
995 966 1074 1027 odio.

118 1042 276 1106 obtinuere
291 1051 392 1104 umen
405 1049 516 1123 patres,
530 1051 563 1104 ut
576 1046 608 1104 in
622 1045 712 1106 Fabia
727 1053 815 1125 gente
830 1047 1001 1112 consultum
1014 1067 1076 1110 ma·

117 1135 220 1189 neret:
239 1127 276 1188 bl.
293 1125 418 1188 Fabium
435 1125 587 1188 consulem
601 1135 712 1201 creant,
728 1127 821 1190 Fabio
832 1127 945 1209 collega
957 1132 1076 1194 Gnaeus

118 1209 243 1275 uanius
258 1211 354 1272 dature
1094 1243 1096 1250 ·

181 1293 278 1356 xuv.
306 1293 344 1356 lit
366 1293 416 1355 bic
435 1309 530 1356 annm
551 1294 703 1356 umanum
724 1301 875 1358 auctorem
895 1297 969 1376 legis
990 1315 1073 1376 agra·
1094 1315 1109 1365 r

116 1379 181 1440 riae
202 1375 321 1440 babuit:
343 1377 388 1438 'l't
405 1375 576 1440 Pontificius
597 1378 661 1440 init
695 1381 721 1442 is
743 1379 867 1442 eandem
886 1382 977 1452 aiam,
996 1380 1076 1443 velut

116 1461 313 1542 processisset
345 1461 395 1541 Sp.
421 1460 551 1533 Licinio,
578 1463 731 1540 ingressus
758 1461 898 1526 dilectum
923 1463 1075 1544 paulisper

116 1543 261 1626 impediit
305 1542 486 1624 perturbatis
511 1547 620 1608 iterum
645 1545 780 1625 patribus
801 1547 914 1627 Appius
937 1547 1113 1610 Claudiusc

118 1630 223 1690 uotam
233 1626 424 1690 tribuniciam
433 1635 608 1708 potestatem
619 1629 719 1692 dicere
728 1631 830 1710 priore
843 1647 931 1702 anno,
946 1631 977 1691 in
988 1648 1074 1710 prae·

117 1713 212 1775 sende
233 1730 282 1783 re,
305 1710 440 1792 exemplo
461 1712 492 1773 in
513 1719 706 1793 perpetmmr,
727 1712 844 1792 quando
866 1715 1018 1775 inventum
1037 1716 1076 1777 sit

117 1797 181 1858 suis
194 1797 289 1875 ipsam
304 1793 416 1858 viribus
433 1793 561 1857 dissolvi.
590 1813 688 1875 neque
708 1799 787 1859 enim
804 1812 944 1874 nmquam
959 1796 1074 1858 deiutn·
1091 1807 1113 1858 c

118 1896 201 1950 rum,
223 1879 275 1957 qui
295 1886 325 1942 et
338 1896 374 1940 ex
390 1875 503 1956 collega
521 1881 675 1941 victoriam
690 1879 747 1941 sibi
764 1887 793 1941 ct
806 1881 929 1958 gratiam
943 1879 1075 1942 melioris

117 1964 210 2042 partis
234 1961 315 2024 bono
328 1960 449 2042 publico
463 1960 533 2023 velit
548 1964 726 2040 quaesitam
747 1969 776 2025 et
798 1961 915 2042 plnres.
936 1965 960 2026 si
980 1961 1074 2042 pluri·

118 2046 176 2108 bus
187 2063 262 2126 opns
274 2048 321 2116 sit,
336 2044 473 2106 tribunos
488 2045 524 2106 ad
539 2044 680 2108 auxilium
697 2045 853 2109 consulum
864 2054 982 2126 paratos
999 2045 1074 2118 iore,

119 2136 150 2192 et
167 2145 261 2191 unum
278 2128 325 2192 vel
345 2128 486 2191 adversus
502 2146 606 2191 omnes
627 2132 698 2191 satis
714 2147 790 2192 esse.
820 2129 925 2192 darent
942 2130 1030 2190 modo
1046 2137 1111 2190 ets

119 2211 257 2276 consules
270 2221 301 2274 et
316 2213 464 2292 primores
479 2220 597 2292 patrum
612 2229 743 2291 operam,
759 2220 800 2282 ut,
815 2215 840 2273 si
852 2214 950 2275 minus
961 2229 1074 2283 omnes,

119 2294 234 2375 aliquos
253 2304 352 2358 tamen
373 2313 411 2357 ex
430 2294 558 2356 tribunis
577 2293 775 2374 reipublicae
795 2311 829 2355 ac
846 2297 960 2357 senatui
973 2296 1074 2356 conci·

118 2379 235 2440 liarent
266 2379 435 2458 praeceptis
449 2378 536 2457 Appii
557 2378 661 2439 moniti
674 2383 774 2456 patres
790 2384 819 2438 et
834 2378 966 2438 universi
981 2380 1074 2438 comi·
1091 2391 1112 2442 b

117 2470 166 2524 ter
188 2478 223 2520 ac
241 2461 372 2537 benigne
386 2460 521 2522 abacos
537 2458 698 2538 appellare,
714 2468 743 2521 ct
758 2458 945 2530 consulares,
962 2467 994 2518 nt
1010 2462 1074 2520 cui·

119 2561 179 2623 qua
200 2559 304 2606 eorum
322 2543 459 2621 privatim
473 2541 584 2619 aliquid
606 2543 681 2606 iuris
696 2542 835 2604 adversus
851 2541 983 2619 singulos
1000 2549 1072 2612 erat,

117 2627 226 2708 partim
245 2626 338 2705 gratia
352 2626 460 2705 partim
477 2626 649 2687 auctoritate
664 2624 836 2694 obtinuere,
851 2630 884 2684 ut
897 2623 1073 2686 tribuniciae

118 2711 271 2792 potestatis
291 2710 370 2771 vires
391 2705 525 2770 salubres
539 2706 648 2770 vellent
667 2710 713 2770 rei
728 2707 865 2787 publicae
886 2725 965 2776 csse;
990 2714 1111 2785 quai-c

118 2802 245 2871 tucrqne
265 2791 454 2854 tribunorum
475 2791 614 2854 adversus
637 2808 730 2854 unum
757 2798 935 2852 moratorem
960 2790 1073 2870 publici

120 2876 267 2938 commodi
283 2874 392 2937 auxilio
406 2873 545 2936 dilectum
557 2875 693 2938 consules
703 2872 822 2938 habent
837 2873 906 2935 inde
917 2874 954 2935 ad
965 2874 1073 2936 Veiens
1089 2889 1109 2938 r

117 2957 230 3021 bellum
245 2960 381 3039 proiecti,
399 2975 458 3038 quo
473 2958 604 3036 undique
616 2977 652 3020 ex
668 2959 785 3020 Etruria
800 2956 906 3020 auxilia
925 2974 1072 3020 convene·

119 3050 202 3115 rant,
219 3061 280 3105 non
294 3050 354 3104 tam
368 3042 533 3104 Veientium
552 3043 645 3120 gratia
660 3043 821 3111 concitata,
838 3057 924 3118 mam
943 3042 1021 3117 qnod
1040 3042 1072 3100 in

119 3144 204 3206 spem
221 3133 340 3190 ventum
356 3133 421 3190 erat
434 3125 580 3201 discordia
596 3127 734 3188 intestina
749 3123 868 3186 dissolvi
882 3141 946 3184 rem
964 3123 1072 3184 Roma·

119 3228 188 3271 nam
203 3228 301 3290 posse.
329 3211 539 3289 principesque
554 3210 587 3270 in
603 3209 734 3270 omnium
744 3207 879 3268 Etruriae
893 3205 1070 3285 populorum
1089 3211 1107 3262 u

38 3301 45 3314 ¹
120 3293 255 3354 conciliis
272 3292 439 3356 tremebant
456 3301 591 3356 aeternas
606 3309 678 3371 opes
694 3309 758 3352 esse
772 3288 934 3360 Romanas,
954 3290 1011 3351 nisi
1025 3292 1071 3350 ln·

117 3385 166 3440 ter
189 3385 282 3440 semet
301 3378 359 3456 ipsi
381 3373 576 3439 seditionibus
595 3375 733 3438 saeviant
767 3372 799 3435 id
812 3389 903 3434 unum
915 3390 1071 3443 venenum.

118 3477 185 3523 eam
207 3459 304 3522 labem
328 3459 492 3522 civitatibus
507 3457 656 3539 opulentis
669 3463 832 3538 repertam,
852 3463 885 3518 ut
896 3473 1000 3536 magna
1015 3457 1073 3516 im·
