2572 3956
208 218 270 284 114
355 227 451 272 orsae
470 226 506 268 11.
531 224 602 270 cnr.
617 219 659 272 51.
675 217 720 272 52.
746 203 788 288 [a.
803 226 834 268 u.
851 227 877 268 c.
893 203 1022 290 aranei]

209 379 340 460 quamue
352 377 384 437 in
399 375 587 456 praecipitia,
605 375 676 436 dum
688 373 833 436 celeriora
849 381 963 444 essent,
979 372 1086 451 egebat
1099 394 1173 438 con-
1222 405 1226 410 ·

208 461 288 532 silia,
310 470 423 524 temere
448 459 572 522 adverso
592 457 725 520 Ianiculo
748 456 786 521 ad
808 463 905 518 castra
924 456 1055 519 hostium
1075 461 1172 520 aciem

175 547 316 616 reerexit,
339 543 514 620 foediusque
532 541 602 607 inde
623 540 745 622 pulsus,
774 558 863 620 quam
885 540 983 619 pridie
1004 541 1171 621 pepulerat,

174 629 376 690 emtervemu
397 624 528 703 collegae
547 626 613 704 ipse
635 625 841 702 exercitusque
856 630 902 686 est
922 631 1064 686 serratus.
1091 628 1171 688 inter

209 713 282 772 duas
298 712 377 774 acies
391 708 527 779 Etrusci,
543 727 612 770 cum
627 710 659 766 in
674 708 769 766 vicem
783 706 831 766 his
847 714 935 786 atque
949 706 1009 770 illis
1023 716 1107 787 terga
1119 711 1171 770 da·
1274 725 1278 741 ¹

207 802 289 864 rent,
313 793 469 854 occidione
491 788 591 852 eccui.
626 789 668 850 ita
688 805 866 868 oppressum
895 793 1061 856 temeritate
1089 791 1170 854 felici

208 877 316 938 Veiens
335 873 457 938 bellum.

174 969 189 1023 1
270 959 330 1020 LII.
360 955 434 1020 Urbi
447 973 516 1018 cum
529 973 604 1035 pace
620 953 715 1018 laxior
732 957 821 1017 etiam
837 975 954 1021 annona
968 959 1058 1020 rediit
1075 967 1104 1022 et
1117 961 1170 1022 ad·
1280 977 1281 1010 1

207 1050 290 1105 vecto
305 1060 341 1104 ex
357 1041 515 1119 Campania
531 1039 696 1110 numento,
712 1046 741 1102 et
754 1045 911 1119 postquam
927 1043 1017 1104 timor
1032 1041 1090 1104 sibi
1106 1043 1169 1104 cui·

208 1144 266 1206 que
276 1125 393 1187 turmae
404 1124 523 1202 inopiae
534 1121 607 1184 abiit
618 1141 670 1193 ec,
683 1122 762 1200 quod
774 1121 907 1184 abditum
917 1123 1030 1196 lucrat,
1041 1125 1169 1205 prolato.

173 1222 190 1272 2
208 1229 244 1274 ex
259 1211 349 1289 eopia
361 1207 469 1271 deinde
483 1208 603 1284 otioque
624 1205 760 1268 lascivire
774 1223 880 1269 rursus
893 1207 984 1268 animi
1002 1216 1032 1269 et
1044 1210 1169 1287 pristina

207 1293 292 1363 mala,
307 1299 464 1371 postquam
474 1292 547 1352 loris
559 1290 691 1360 deerant,
708 1290 789 1352 demi
800 1307 955 1368 quaerere.
981 1290 1095 1354 tribuni
1105 1291 1170 1371 ple·

207 1377 277 1437 hcm
291 1378 403 1453 agitare
418 1392 471 1436 suo
487 1392 615 1444 veneno,
634 1375 750 1451 agraria
764 1371 846 1452 lege,
868 1375 900 1435 in
914 1374 1080 1437 resistentis
1093 1375 1172 1436 inci·

174 1468 190 1520 3
207 1467 271 1520 tare
284 1466 400 1537 patres,
417 1475 473 1519 nec
484 1458 516 1516 in
531 1459 686 1518 universos
697 1457 786 1518 modo
798 1457 851 1520 sed
861 1456 1046 1536 insingulcs.
1076 1454 1170 1527 erin·

207 1551 255 1602 tus
275 1541 431 1604 Considius
457 1547 487 1602 et
509 1540 543 1602 Τ.
559 1541 724 1611 Genucius,
753 1549 891 1604 auctores
921 1543 1057 1620 amariae
1082 1539 1169 1620 legis,

207 1625 242 1687 Τ.
257 1625 394 1688 Menenio
414 1624 493 1686 diem
514 1623 625 1684 dicum
660 1623 789 1687 invidiae
810 1633 874 1688 erat
894 1624 1036 1688 amissum
1048 1625 1170 1687 Creme-
1280 1649 1281 1658 ¹

207 1725 259 1770 rae
274 1708 471 1788 praesidium,
489 1725 558 1768 cum
574 1706 654 1769 haud
673 1706 780 1786 procul
795 1708 866 1770 inde
882 1709 984 1770 stativa
995 1706 1101 1770 consid
1114 1707 1169 1770 ha·
1280 1723 1281 1770 l

173 1803 190 1854 t
206 1791 329 1854 buissel.
358 1810 392 1853 ea
403 1792 567 1870 oppressit,
579 1809 648 1852 cum
660 1798 689 1854 et
702 1798 803 1870 patres
811 1791 892 1854 haud
902 1793 1001 1854 minus
1012 1810 1169 1872 quamprc

208 1874 364 1938 Coriolano
386 1875 481 1938 adrui
506 1881 618 1945 essent,
642 1881 671 1936 et
691 1877 785 1954 patris
800 1875 949 1956 Agrippae
970 1876 1054 1938 farer
1073 1875 1168 1938 haud·
1263 1885 1273 1896 “

131 1968 135 1978 “
172 1971 190 2022 o
207 1960 277 2021 dum
297 1958 478 2022 exolevisset.
509 1959 542 2020 in
555 1957 647 2020 multa
660 1965 866 2039 temperarunt
882 1958 1012 2022 tribuni:
1034 1977 1103 2022 eum
1119 1978 1168 2020 ca·

206 2044 276 2122 pitis
292 2043 505 2122 acquisissent,
528 2043 587 2104 due
608 2040 688 2104 milia
709 2044 787 2106 acris
804 2044 942 2104 damnato
962 2043 1087 2106 mrdtam
1106 2044 1168 2105 edi·

205 2133 322 2188 xerunt.
362 2144 397 2188 ea
420 2127 454 2188 in
475 2133 565 2206 caput
584 2127 678 2188 vertit.
715 2133 825 2205 negant
847 2125 952 2190 tulisse
973 2127 1167 2206 ignominiam
1207 2153 1209 2160 ·

206 2209 497 2288 aegritudinemque:
513 2209 584 2271 indo
603 2208 709 2270 morbo
724 2209 913 2290 absumptum
929 2229 1003 2274 esse.

174 2305 190 2354 6
265 2291 347 2354 Alius
369 2292 476 2355 deinde
499 2311 570 2356 reus
596 2293 648 2373 Sp.
669 2292 827 2364 Servilius,
849 2302 882 2354 ut
905 2293 1061 2356 consulatu
1085 2293 1167 2358 abiit

206 2376 236 2439 C.
254 2376 360 2438 Nautio
384 2385 413 2440 et
426 2378 459 2440 P.
477 2377 594 2439 Valerio
618 2375 792 2438 consulibus
811 2378 895 2438 initio
917 2379 1014 2440 statim
1036 2379 1107 2440 anni
1128 2376 1165 2439 alr

204 2459 237 2521 L.
259 2461 396 2524 Caedicio
418 2470 447 2524 et
467 2461 500 2523 Τ.
520 2461 611 2523 Statio
635 2458 764 2522 tribunis
787 2459 837 2522 die
857 2461 949 2532 dicta,
967 2480 1029 2523 non
1049 2468 1082 2524 ut
1105 2461 1164 2524 lle·

204 2544 311 2606 nenius
328 2544 472 2624 precibus
487 2546 549 2606 suis
572 2550 623 2604 aut
642 2551 777 2622 patrum,
795 2543 848 2606 sed
867 2562 935 2606 oum
952 2544 1045 2609 multa
1058 2544 1168 2606 fiducia

171 2631 186 2679 7
204 2629 391 2690 innocentiae
409 2630 581 2707 gratiaeque
599 2627 777 2690 tribunicios
791 2628 920 2708 impetus
938 2627 1013 2690 tulit.
1045 2636 1076 2692 et
1093 2627 1166 2690 huic

203 2710 351 2788 proelium
366 2729 435 2774 curn
451 2711 556 2773 'luscis
571 2710 609 2772 ad
623 2709 788 2773 Ianiculum
804 2717 869 2773 erat
883 2713 1011 2774 crimini.
1041 2712 1094 2774 sed
1104 2713 1164 2774 ler-

203 2794 263 2855 vidi
279 2795 371 2858 animi
386 2795 447 2866 vir,
468 2802 502 2855 ut
527 2796 559 2854 in
581 2794 701 2873 publico
725 2793 861 2873 periculo
884 2802 969 2867 ante,
989 2797 1032 2858 sic
1050 2802 1114 2858 tum
1132 2797 1163 2856 in

203 2894 268 2946 sue,
283 2894 344 2938 non
360 2876 498 2940 uibunos
513 2878 603 2940 modo
616 2878 669 2940 sed
688 2877 807 2958 plebem
820 2881 956 2948 eratione
973 2881 1067 2942 leroci
1081 2879 1163 2942 reiu-

203 2959 292 3021 tando
316 2959 582 3042 exprobrandoque
599 2962 632 3024 T.
644 2963 762 3024 lleneni
781 2960 1000 3028 damnationem
1020 2970 1162 3026 mortem·

203 3061 276 3123 que,
298 3045 384 3108 cuius
404 3047 642 3124 patrismunere
663 3047 801 3108 restituta
820 3048 972 3126 quendam
999 3046 1086 3126 plebs
1111 3065 1161 3109 eos
1275 3079 1279 3110 ι,

200 3129 298 3206 ipsos,
321 3127 430 3208 quihus
449 3135 512 3192 tum
536 3131 677 3200 saeviret,
704 3131 910 3209 magistratus,
936 3150 986 3194 eas
1007 3129 1090 3210 leges
1108 3129 1161 3192 ha·

168 3209 302 3281 uberet,
325 3211 492 3292 periculum
516 3213 638 3274 audacia
663 3213 811 3276 discussit
852 3216 925 3276 iurit
947 3222 978 3277 et
1003 3214 1164 3294 Verginius
1278 3263 1279 3266 ,

203 3294 316 3372 collega
326 3296 410 3358 testis
422 3297 587 3376 productus
597 3297 802 3377 participando
816 3295 935 3369 laudes,
951 3301 1046 3378 magis
1060 3306 1160 3360 tamen

202 3377 409 3440 Menenianum
425 3413 460 3426 -
482 3380 555 3445 aden
573 3386 759 3442 mutaverant
775 3381 907 3444 animum
926 3415 961 3428 -
982 3384 1095 3461 proluit
1113 3381 1158 3443 in·
1278 3422 1279 3442 .

202 3458 320 3522 dicium.
