<?xml version="1.0" encoding="UTF-8"?>
<!DOCTYPE html PUBLIC "-//W3C//DTD XHTML 1.0 Transitional//EN"
    "http://www.w3.org/TR/xhtml1/DTD/xhtml1-transitional.dtd">
<html xmlns="http://www.w3.org/1999/xhtml" xml:lang="en" lang="en">
 <head>
  <title>
</title>
<meta http-equiv="Content-Type" content="text/html;charset=utf-8" />
  <meta name='ocr-system' content='tesseract 3.04.00' />
  <meta name='ocr-capabilities' content='ocr_page ocr_carea ocr_par ocr_line ocrx_word'/>
</head>
<body>
  <div class='ocr_page' id='page_1' title='image "./aburbeconditali01rossgoog_0451.png"; bbox 0 0 2534 3956; ppageno 0'>
   <div class='ocr_carea' id='block_1_1' title="bbox 256 159 1063 281">
    <p class='ocr_par' dir='ltr' id='par_1_1' title="bbox 256 159 1063 281">
     <span class='ocr_line' id='line_1_1' title="bbox 256 159 1063 281; baseline 0.009 -39"><span class='ocrx_word' id='word_1_1' title='bbox 256 199 351 245; x_wconf 72' lang='lat' dir='ltr'>unsa</span> <span class='ocrx_word' id='word_1_2' title='bbox 367 200 396 242; x_wconf 87' lang='lat' dir='ltr'>v.</span> <span class='ocrx_word' id='word_1_3' title='bbox 422 159 494 243; x_wconf 69' lang='lat' dir='ltr'>cer.</span> <span class='ocrx_word' id='word_1_4' title='bbox 509 191 553 246; x_wconf 78' lang='lat' dir='ltr'>se.</span> <span class='ocrx_word' id='word_1_5' title='bbox 567 191 612 281; x_wconf 75' lang='lat'>⁵⁵:</span> <span class='ocrx_word' id='word_1_6' title='bbox 640 181 684 262; x_wconf 79' lang='lat' dir='ltr'>[a.</span> <span class='ocrx_word' id='word_1_7' title='bbox 701 181 736 245; x_wconf 85' lang='lat' dir='ltr'>c.</span> <span class='ocrx_word' id='word_1_8' title='bbox 753 192 805 246; x_wconf 86' lang='lat' dir='ltr'>aco</span> <span class='ocrx_word' id='word_1_9' title='bbox 822 181 915 264; x_wconf 72' lang='grc'>(389)]</span> <span class='ocrx_word' id='word_1_10' title='bbox 1000 186 1063 250; x_wconf 84' lang='lat'>311</span> 
     </span>
    </p>
   </div>
   <div class='ocr_carea' id='block_1_2' title="bbox 108 346 1103 3008">
    <p class='ocr_par' dir='ltr' id='par_1_2' title="bbox 108 346 1099 1594">
     <span class='ocr_line' id='line_1_2' title="bbox 109 346 1063 425; baseline -0.003 -13"><span class='ocrx_word' id='word_1_11' title='bbox 109 357 171 412; x_wconf 75' lang='lat' dir='ltr'>turn</span> <span class='ocrx_word' id='word_1_12' title='bbox 198 365 290 410; x_wconf 86' lang='lat' dir='ltr'>novae</span> <span class='ocrx_word' id='word_1_13' title='bbox 318 346 410 408; x_wconf 87' lang='lat' dir='ltr'>urbis.</span> <span class='ocrx_word' id='word_1_14' title='bbox 444 348 669 411; x_wconf 80' lang='lat' dir='ltr'>trecentesimus</span> <span class='ocrx_word' id='word_1_15' title='bbox 697 348 917 425; x_wconf 82' lang='lat' dir='ltr'>sexagensimus</span> <span class='ocrx_word' id='word_1_16' title='bbox 942 349 1063 425; x_wconf 86' lang='lat' dir='ltr'>quintus</span> 
     </span>
     <span class='ocr_line' id='line_1_3' title="bbox 109 427 1062 510; baseline -0.004 -16"><span class='ocrx_word' id='word_1_17' title='bbox 109 451 207 494; x_wconf 81' lang='lat' dir='ltr'>annus</span> <span class='ocrx_word' id='word_1_18' title='bbox 224 430 322 500; x_wconf 86' lang='lat' dir='ltr'>urbis,</span> <span class='ocrx_word' id='word_1_19' title='bbox 339 427 482 503; x_wconf 83' lang='lat' dir='ltr'>Quirites,</span> <span class='ocrx_word' id='word_1_20' title='bbox 497 433 610 510; x_wconf 84' lang='lat' dir='ltr'>agitur;</span> <span class='ocrx_word' id='word_1_21' title='bbox 631 433 708 492; x_wconf 88' lang='lat' dir='ltr'>inter</span> <span class='ocrx_word' id='word_1_22' title='bbox 722 436 765 490; x_wconf 91' lang='lat' dir='ltr'>tot</span> <span class='ocrx_word' id='word_1_23' title='bbox 781 431 953 492; x_wconf 88' lang='lat' dir='ltr'>veterrimos</span> <span class='ocrx_word' id='word_1_24' title='bbox 967 448 1062 510; x_wconf 91' lang='lat' dir='ltr'>popu·</span> 
     </span>
     <span class='ocr_line' id='line_1_4' title="bbox 108 511 1063 593; baseline -0.004 -16"><span class='ocrx_word' id='word_1_25' title='bbox 108 515 155 578; x_wconf 89' lang='lat' dir='ltr'>los</span> <span class='ocrx_word' id='word_1_26' title='bbox 169 522 229 576; x_wconf 89' lang='lat' dir='ltr'>tam</span> <span class='ocrx_word' id='word_1_27' title='bbox 245 514 296 575; x_wconf 94' lang='lat' dir='ltr'>diu</span> <span class='ocrx_word' id='word_1_28' title='bbox 310 511 388 574; x_wconf 93' lang='lat' dir='ltr'>bella</span> <span class='ocrx_word' id='word_1_29' title='bbox 405 516 522 593; x_wconf 85' lang='lat' dir='ltr'>geritis,</span> <span class='ocrx_word' id='word_1_30' title='bbox 539 533 606 576; x_wconf 92' lang='lat' dir='ltr'>cum</span> <span class='ocrx_word' id='word_1_31' title='bbox 620 516 746 584; x_wconf 90' lang='lat' dir='ltr'>interea,</span> <span class='ocrx_word' id='word_1_32' title='bbox 762 531 801 575; x_wconf 89' lang='lat' dir='ltr'>ne</span> <span class='ocrx_word' id='word_1_33' title='bbox 815 513 945 592; x_wconf 85' lang='lat' dir='ltr'>singulas</span> <span class='ocrx_word' id='word_1_34' title='bbox 957 513 1063 591; x_wconf 85' lang='lat' dir='ltr'>loquar</span> 
     </span>
     <span class='ocr_line' id='line_1_5' title="bbox 108 594 1064 676; baseline -0.006 -14"><span class='ocrx_word' id='word_1_35' title='bbox 108 599 216 668; x_wconf 89' lang='lat' dir='ltr'>urbes,</span> <span class='ocrx_word' id='word_1_36' title='bbox 239 614 300 658; x_wconf 92' lang='lat' dir='ltr'>non</span> <span class='ocrx_word' id='word_1_37' title='bbox 320 597 470 659; x_wconf 91' lang='lat' dir='ltr'>coniuncti</span> <span class='ocrx_word' id='word_1_38' title='bbox 490 616 557 659; x_wconf 91' lang='lat' dir='ltr'>cum</span> <span class='ocrx_word' id='word_1_39' title='bbox 571 599 679 676; x_wconf 78' lang='lat' dir='ltr'>Aequis</span> <span class='ocrx_word' id='word_1_40' title='bbox 693 597 806 667; x_wconf 81' lang='lat' dir='ltr'>Vulsci,</span> <span class='ocrx_word' id='word_1_41' title='bbox 829 603 951 658; x_wconf 88' lang='lat' dir='ltr'>tottam</span> <span class='ocrx_word' id='word_1_42' title='bbox 971 594 1064 658; x_wconf 90' lang='lat' dir='ltr'>valida</span> 
     </span>
     <span class='ocr_line' id='line_1_6' title="bbox 109 678 1063 762; baseline -0.004 -18"><span class='ocrx_word' id='word_1_43' title='bbox 109 682 234 762; x_wconf 92' lang='lat' dir='ltr'>oppida,</span> <span class='ocrx_word' id='word_1_44' title='bbox 256 697 318 742; x_wconf 93' lang='lat' dir='ltr'>non</span> <span class='ocrx_word' id='word_1_45' title='bbox 332 681 469 743; x_wconf 86' lang='lat' dir='ltr'>universa</span> <span class='ocrx_word' id='word_1_46' title='bbox 483 681 602 742; x_wconf 85' lang='lat' dir='ltr'>Etruria</span> <span class='ocrx_word' id='word_1_47' title='bbox 618 687 732 742; x_wconf 85' lang='lat' dir='ltr'>tantum</span> <span class='ocrx_word' id='word_1_48' title='bbox 749 687 828 742; x_wconf 89' lang='lat' dir='ltr'>terra</span> <span class='ocrx_word' id='word_1_49' title='bbox 845 682 979 758; x_wconf 88' lang='lat' dir='ltr'>marique</span> <span class='ocrx_word' id='word_1_50' title='bbox 999 678 1063 759; x_wconf 94' lang='lat' dir='ltr'>pol·</span> 
     </span>
     <span class='ocr_line' id='line_1_7' title="bbox 108 761 1065 842; baseline -0.002 -16"><span class='ocrx_word' id='word_1_51' title='bbox 108 765 175 828; x_wconf 89' lang='lat' dir='ltr'>lens</span> <span class='ocrx_word' id='word_1_52' title='bbox 196 769 283 842; x_wconf 87' lang='lat' dir='ltr'>atque</span> <span class='ocrx_word' id='word_1_53' title='bbox 304 765 382 826; x_wconf 88' lang='lat' dir='ltr'>luter</span> <span class='ocrx_word' id='word_1_54' title='bbox 405 765 464 826; x_wconf 92' lang='lat' dir='ltr'>duo</span> <span class='ocrx_word' id='word_1_55' title='bbox 486 767 578 827; x_wconf 84' lang='lat' dir='ltr'>marie</span> <span class='ocrx_word' id='word_1_56' title='bbox 602 765 784 826; x_wconf 89' lang='lat' dir='ltr'>latitudinem</span> <span class='ocrx_word' id='word_1_57' title='bbox 807 763 943 826; x_wconf 90' lang='lat' dir='ltr'>obtinens</span> <span class='ocrx_word' id='word_1_58' title='bbox 965 761 1065 824; x_wconf 85' lang='lat' dir='ltr'>ltaliae</span> 
     </span>
     <span class='ocr_line' id='line_1_8' title="bbox 108 845 1099 926; baseline -0.001 -15"><span class='ocrx_word' id='word_1_59' title='bbox 108 847 189 911; x_wconf 91' lang='lat' dir='ltr'>bello</span> <span class='ocrx_word' id='word_1_60' title='bbox 205 845 286 908; x_wconf 91' lang='lat' dir='ltr'>vobis</span> <span class='ocrx_word' id='word_1_61' title='bbox 301 865 355 926; x_wconf 87' lang='lat' dir='ltr'>par</span> <span class='ocrx_word' id='word_1_62' title='bbox 369 854 422 910; x_wconf 90' lang='lat' dir='ltr'>est.</span> <span class='ocrx_word' id='word_1_63' title='bbox 450 848 528 926; x_wconf 93' lang='lat' dir='ltr'>quod</span> <span class='ocrx_word' id='word_1_64' title='bbox 545 867 611 910; x_wconf 92' lang='lat' dir='ltr'>oum</span> <span class='ocrx_word' id='word_1_65' title='bbox 627 849 667 908; x_wconf 90' lang='lat' dir='ltr'>ita</span> <span class='ocrx_word' id='word_1_66' title='bbox 679 850 731 919; x_wconf 89' lang='lat' dir='ltr'>sit,</span> <span class='ocrx_word' id='word_1_67' title='bbox 748 867 822 926; x_wconf 84' lang='lat' dir='ltr'>quae</span> <span class='ocrx_word' id='word_1_68' title='bbox 838 882 873 892; x_wconf 95' lang='lat'><em>—</em></span> <span class='ocrx_word' id='word_1_69' title='bbox 885 847 1010 908; x_wconf 86' lang='lat' dir='ltr'>malum!</span> <span class='ocrx_word' id='word_1_70' title='bbox 1024 879 1060 891; x_wconf 96' lang='lat'>-</span> <span class='ocrx_word' id='word_1_71' title='bbox 1079 857 1099 910; x_wconf 77' lang='lat' dir='ltr'>b</span> 
     </span>
     <span class='ocr_line' id='line_1_9' title="bbox 108 931 1065 1011; baseline -0.004 -17"><span class='ocrx_word' id='word_1_72' title='bbox 108 932 185 994; x_wconf 81' lang='lat' dir='ltr'>ratio</span> <span class='ocrx_word' id='word_1_73' title='bbox 200 937 246 994; x_wconf 86' lang='lat' dir='ltr'>est</span> <span class='ocrx_word' id='word_1_74' title='bbox 262 933 391 1009; x_wconf 82' lang='lat' dir='ltr'>expertis</span> <span class='ocrx_word' id='word_1_75' title='bbox 408 931 465 992; x_wconf 90' lang='lat' dir='ltr'>alia</span> <span class='ocrx_word' id='word_1_76' title='bbox 482 933 623 1011; x_wconf 82' lang='lat' dir='ltr'>experiri,</span> <span class='ocrx_word' id='word_1_77' title='bbox 642 951 724 1002; x_wconf 90' lang='lat' dir='ltr'>cum,</span> <span class='ocrx_word' id='word_1_78' title='bbox 740 933 798 992; x_wconf 92' lang='lat' dir='ltr'>iam</span> <span class='ocrx_word' id='word_1_79' title='bbox 816 937 848 992; x_wconf 90' lang='lat' dir='ltr'>nt</span> <span class='ocrx_word' id='word_1_80' title='bbox 862 932 952 993; x_wconf 84' lang='lat' dir='ltr'>virtus</span> <span class='ocrx_word' id='word_1_81' title='bbox 968 935 1065 992; x_wconf 83' lang='lat' dir='ltr'>restra</span> 
     </span>
     <span class='ocr_line' id='line_1_10' title="bbox 108 1013 1065 1093; baseline -0.004 -15"><span class='ocrx_word' id='word_1_82' title='bbox 108 1016 237 1078; x_wconf 87' lang='lat' dir='ltr'>transire</span> <span class='ocrx_word' id='word_1_83' title='bbox 248 1013 305 1075; x_wconf 89' lang='lat' dir='ltr'>alio</span> <span class='ocrx_word' id='word_1_84' title='bbox 320 1016 429 1093; x_wconf 92' lang='lat' dir='ltr'>possit,</span> <span class='ocrx_word' id='word_1_85' title='bbox 445 1015 564 1076; x_wconf 90' lang='lat' dir='ltr'>fortuna</span> <span class='ocrx_word' id='word_1_86' title='bbox 576 1023 656 1076; x_wconf 90' lang='lat' dir='ltr'>certe</span> <span class='ocrx_word' id='word_1_87' title='bbox 670 1015 826 1076; x_wconf 84' lang='lat' dir='ltr'>loeilruius</span> <span class='ocrx_word' id='word_1_88' title='bbox 836 1015 992 1077; x_wconf 78' lang='lat' dir='ltr'>transferri</span> <span class='ocrx_word' id='word_1_89' title='bbox 1002 1029 1065 1074; x_wconf 92' lang='lat' dir='ltr'>non</span> 
     </span>
     <span class='ocr_line' id='line_1_11' title="bbox 108 1097 1099 1178; baseline -0.003 -18"><span class='ocrx_word' id='word_1_90' title='bbox 108 1098 220 1178; x_wconf 76' lang='lat' dir='ltr'>possit?</span> <span class='ocrx_word' id='word_1_91' title='bbox 250 1097 300 1158; x_wconf 92' lang='lat' dir='ltr'>bic</span> <span class='ocrx_word' id='word_1_92' title='bbox 317 1097 492 1177; x_wconf 83' lang='lat' dir='ltr'>Capitolium</span> <span class='ocrx_word' id='word_1_93' title='bbox 512 1103 568 1166; x_wconf 90' lang='lat' dir='ltr'>est,</span> <span class='ocrx_word' id='word_1_94' title='bbox 591 1097 643 1157; x_wconf 93' lang='lat' dir='ltr'>ubi</span> <span class='ocrx_word' id='word_1_95' title='bbox 659 1097 806 1175; x_wconf 90' lang='lat' dir='ltr'>quondam</span> <span class='ocrx_word' id='word_1_96' title='bbox 825 1099 919 1176; x_wconf 85' lang='lat' dir='ltr'>cupite</span> <span class='ocrx_word' id='word_1_97' title='bbox 933 1097 1099 1158; x_wconf 65' lang='lat' dir='ltr'>humano?</span> 
     </span>
     <span class='ocr_line' id='line_1_12' title="bbox 108 1179 1090 1259; baseline -0.001 -18"><span class='ocrx_word' id='word_1_98' title='bbox 108 1183 229 1242; x_wconf 87' lang='lat' dir='ltr'>invento</span> <span class='ocrx_word' id='word_1_99' title='bbox 244 1197 422 1258; x_wconf 86' lang='lat' dir='ltr'>responsum</span> <span class='ocrx_word' id='word_1_100' title='bbox 438 1186 483 1242; x_wconf 91' lang='lat' dir='ltr'>est</span> <span class='ocrx_word' id='word_1_101' title='bbox 504 1199 538 1242; x_wconf 90' lang='lat' dir='ltr'>eo</span> <span class='ocrx_word' id='word_1_102' title='bbox 558 1179 624 1240; x_wconf 91' lang='lat' dir='ltr'>loeo</span> <span class='ocrx_word' id='word_1_103' title='bbox 640 1187 728 1259; x_wconf 89' lang='lat' dir='ltr'>caput</span> <span class='ocrx_word' id='word_1_104' title='bbox 742 1198 845 1242; x_wconf 89' lang='lat' dir='ltr'>rerum</span> <span class='ocrx_word' id='word_1_105' title='bbox 859 1197 1065 1256; x_wconf 86' lang='lat' dir='ltr'>summamque</span> <span class='ocrx_word' id='word_1_106' title='bbox 1083 1239 1090 1250; x_wconf 84' lang='grc'><em>,</em></span> 
     </span>
     <span class='ocr_line' id='line_1_13' title="bbox 108 1261 1065 1343; baseline -0.002 -19"><span class='ocrx_word' id='word_1_107' title='bbox 108 1264 228 1343; x_wconf 90' lang='lat' dir='ltr'>imperii</span> <span class='ocrx_word' id='word_1_108' title='bbox 250 1263 331 1330; x_wconf 77' lang='lat' dir='ltr'>fore:</span> <span class='ocrx_word' id='word_1_109' title='bbox 352 1263 416 1334; x_wconf 89' lang='lat' dir='ltr'>hic,</span> <span class='ocrx_word' id='word_1_110' title='bbox 439 1281 506 1324; x_wconf 89' lang='lat' dir='ltr'>cum</span> <span class='ocrx_word' id='word_1_111' title='bbox 525 1269 667 1342; x_wconf 82' lang='lat' dir='ltr'>augurato</span> <span class='ocrx_word' id='word_1_112' title='bbox 687 1261 864 1324; x_wconf 86' lang='lat' dir='ltr'>liberaretur</span> <span class='ocrx_word' id='word_1_113' title='bbox 879 1262 1065 1342; x_wconf 84' lang='lat' dir='ltr'>Capitolium,</span> 
     </span>
     <span class='ocr_line' id='line_1_14' title="bbox 108 1346 1066 1426; baseline -0.002 -18"><span class='ocrx_word' id='word_1_114' title='bbox 108 1347 245 1408; x_wconf 87' lang='lat' dir='ltr'>luventas</span> <span class='ocrx_word' id='word_1_115' title='bbox 262 1346 479 1425; x_wconf 82' lang='lat' dir='ltr'>Terminusque</span> <span class='ocrx_word' id='word_1_116' title='bbox 492 1349 620 1408; x_wconf 82' lang='lat' dir='ltr'>maximo</span> <span class='ocrx_word' id='word_1_117' title='bbox 639 1347 744 1424; x_wconf 78' lang='lat' dir='ltr'>gaudio</span> <span class='ocrx_word' id='word_1_118' title='bbox 763 1353 882 1426; x_wconf 87' lang='lat' dir='ltr'>patrum</span> <span class='ocrx_word' id='word_1_119' title='bbox 899 1352 1066 1409; x_wconf 86' lang='lat' dir='ltr'>vestrorum</span> 
     </span>
     <span class='ocr_line' id='line_1_15' title="bbox 109 1425 1065 1508; baseline -0.003 -16"><span class='ocrx_word' id='word_1_120' title='bbox 109 1431 223 1492; x_wconf 86' lang='lat' dir='ltr'>moveri</span> <span class='ocrx_word' id='word_1_121' title='bbox 239 1449 271 1490; x_wconf 92' lang='lat' dir='ltr'>se</span> <span class='ocrx_word' id='word_1_122' title='bbox 288 1446 348 1490; x_wconf 92' lang='lat' dir='ltr'>nen</span> <span class='ocrx_word' id='word_1_123' title='bbox 362 1431 458 1508; x_wconf 74' lang='lat' dir='ltr'>passi:</span> <span class='ocrx_word' id='word_1_124' title='bbox 481 1430 530 1491; x_wconf 91' lang='lat' dir='ltr'>hic</span> <span class='ocrx_word' id='word_1_125' title='bbox 548 1431 651 1492; x_wconf 88' lang='lat' dir='ltr'>Vestae</span> <span class='ocrx_word' id='word_1_126' title='bbox 666 1432 764 1508; x_wconf 82' lang='lat' dir='ltr'>ignes,</span> <span class='ocrx_word' id='word_1_127' title='bbox 788 1430 837 1491; x_wconf 94' lang='lat' dir='ltr'>hic</span> <span class='ocrx_word' id='word_1_128' title='bbox 856 1427 964 1491; x_wconf 91' lang='lat' dir='ltr'>ancilia</span> <span class='ocrx_word' id='word_1_129' title='bbox 983 1425 1065 1491; x_wconf 91' lang='lat' dir='ltr'>caelo</span> 
     </span>
     <span class='ocr_line' id='line_1_16' title="bbox 109 1513 966 1594; baseline -0.002 -18"><span class='ocrx_word' id='word_1_130' title='bbox 109 1514 253 1584; x_wconf 90' lang='lat' dir='ltr'>demissa,</span> <span class='ocrx_word' id='word_1_131' title='bbox 270 1513 319 1574; x_wconf 91' lang='lat' dir='ltr'>hic</span> <span class='ocrx_word' id='word_1_132' title='bbox 336 1531 438 1575; x_wconf 90' lang='lat' dir='ltr'>omnes</span> <span class='ocrx_word' id='word_1_133' title='bbox 455 1515 576 1594; x_wconf 87' lang='lat' dir='ltr'>propitii</span> <span class='ocrx_word' id='word_1_134' title='bbox 595 1513 781 1576; x_wconf 90' lang='lat' dir='ltr'>manentibus</span> <span class='ocrx_word' id='word_1_135' title='bbox 797 1513 879 1575; x_wconf 89' lang='lat' dir='ltr'>vobis</span> <span class='ocrx_word' id='word_1_136' title='bbox 895 1513 966 1574; x_wconf 86' lang='lat' dir='ltr'>dii.“</span> 
     </span>
    </p>

    <p class='ocr_par' dir='ltr' id='par_1_3' title="bbox 109 1596 1103 3008">
     <span class='ocr_line' id='line_1_17' title="bbox 172 1596 1101 1665; baseline -0.001 -6"><span class='ocrx_word' id='word_1_137' title='bbox 172 1597 227 1659; x_wconf 89' lang='lat' dir='ltr'>LV.</span> <span class='ocrx_word' id='word_1_138' title='bbox 257 1596 382 1659; x_wconf 76' lang='lat' dir='ltr'>Motisse</span> <span class='ocrx_word' id='word_1_139' title='bbox 398 1617 449 1659; x_wconf 93' lang='lat' dir='ltr'>eos</span> <span class='ocrx_word' id='word_1_140' title='bbox 467 1597 605 1660; x_wconf 87' lang='lat' dir='ltr'>Camillus</span> <span class='ocrx_word' id='word_1_141' title='bbox 622 1616 690 1659; x_wconf 91' lang='lat' dir='ltr'>oum</span> <span class='ocrx_word' id='word_1_142' title='bbox 707 1596 762 1658; x_wconf 91' lang='lat' dir='ltr'>alia</span> <span class='ocrx_word' id='word_1_143' title='bbox 785 1599 919 1660; x_wconf 90' lang='lat' dir='ltr'>oratione</span> <span class='ocrx_word' id='word_1_144' title='bbox 935 1602 999 1658; x_wconf 91' lang='lat' dir='ltr'>tum</span> <span class='ocrx_word' id='word_1_145' title='bbox 1020 1613 1065 1665; x_wconf 87' lang='lat' dir='ltr'>ca,</span> <span class='ocrx_word' id='word_1_146' title='bbox 1084 1605 1101 1658; x_wconf 85' lang='lat'>1</span> 
     </span>
     <span class='ocr_line' id='line_1_18' title="bbox 109 1679 1065 1762; baseline -0.004 -20"><span class='ocrx_word' id='word_1_147' title='bbox 109 1700 185 1762; x_wconf 91' lang='lat' dir='ltr'>quae</span> <span class='ocrx_word' id='word_1_148' title='bbox 201 1681 237 1742; x_wconf 91' lang='lat' dir='ltr'>ad</span> <span class='ocrx_word' id='word_1_149' title='bbox 256 1679 415 1759; x_wconf 84' lang='lat' dir='ltr'>religiones</span> <span class='ocrx_word' id='word_1_150' title='bbox 430 1681 613 1760; x_wconf 84' lang='lat' dir='ltr'>pertinebat,</span> <span class='ocrx_word' id='word_1_151' title='bbox 636 1683 763 1742; x_wconf 85' lang='lat' dir='ltr'>maxime</span> <span class='ocrx_word' id='word_1_152' title='bbox 785 1681 901 1741; x_wconf 89' lang='lat' dir='ltr'>dicitur.</span> <span class='ocrx_word' id='word_1_153' title='bbox 932 1679 985 1740; x_wconf 90' lang='lat' dir='ltr'>sed</span> <span class='ocrx_word' id='word_1_154' title='bbox 1001 1695 1065 1739; x_wconf 90' lang='lat' dir='ltr'>rem</span> 
     </span>
     <span class='ocr_line' id='line_1_19' title="bbox 110 1763 1070 1843; baseline -0.006 -17"><span class='ocrx_word' id='word_1_155' title='bbox 110 1765 230 1826; x_wconf 80' lang='lat' dir='ltr'>dubiam</span> <span class='ocrx_word' id='word_1_156' title='bbox 246 1763 376 1825; x_wconf 78' lang='lat' dir='ltr'>decrerit</span> <span class='ocrx_word' id='word_1_157' title='bbox 389 1781 445 1823; x_wconf 86' lang='lat' dir='ltr'>vox</span> <span class='ocrx_word' id='word_1_158' title='bbox 460 1771 626 1843; x_wconf 88' lang='lat' dir='ltr'>opportune</span> <span class='ocrx_word' id='word_1_159' title='bbox 641 1765 761 1834; x_wconf 89' lang='lat' dir='ltr'>emissa,</span> <span class='ocrx_word' id='word_1_160' title='bbox 780 1763 873 1841; x_wconf 89' lang='lat' dir='ltr'>quod,</span> <span class='ocrx_word' id='word_1_161' title='bbox 896 1780 964 1823; x_wconf 92' lang='lat' dir='ltr'>cum</span> <span class='ocrx_word' id='word_1_162' title='bbox 979 1778 1070 1824; x_wconf 51' lang='lat' dir='ltr'>sena·¹</span> 
     </span>
     <span class='ocr_line' id='line_1_20' title="bbox 109 1843 1064 1925; baseline -0.002 -19"><span class='ocrx_word' id='word_1_163' title='bbox 109 1855 158 1908; x_wconf 92' lang='lat' dir='ltr'>tus</span> <span class='ocrx_word' id='word_1_164' title='bbox 172 1853 239 1924; x_wconf 87' lang='lat' dir='ltr'>post</span> <span class='ocrx_word' id='word_1_165' title='bbox 254 1844 342 1925; x_wconf 85' lang='lat' dir='ltr'>paulo</span> <span class='ocrx_word' id='word_1_166' title='bbox 364 1846 401 1908; x_wconf 88' lang='lat' dir='ltr'>de</span> <span class='ocrx_word' id='word_1_167' title='bbox 418 1845 464 1907; x_wconf 92' lang='lat' dir='ltr'>his</span> <span class='ocrx_word' id='word_1_168' title='bbox 487 1846 577 1908; x_wconf 89' lang='lat' dir='ltr'>rebus</span> <span class='ocrx_word' id='word_1_169' title='bbox 597 1848 728 1907; x_wconf 81' lang='lat' dir='ltr'>incuria</span> <span class='ocrx_word' id='word_1_170' title='bbox 747 1845 870 1908; x_wconf 87' lang='lat' dir='ltr'>Hostilia</span> <span class='ocrx_word' id='word_1_171' title='bbox 893 1843 1064 1914; x_wconf 83' lang='lat' dir='ltr'>haberetur,</span> 
     </span>
     <span class='ocr_line' id='line_1_21' title="bbox 110 1928 1067 2008; baseline -0.003 -18"><span class='ocrx_word' id='word_1_172' title='bbox 110 1929 309 2007; x_wconf 88' lang='lat' dir='ltr'>cohortesque</span> <span class='ocrx_word' id='word_1_173' title='bbox 324 1947 359 1990; x_wconf 82' lang='lat' dir='ltr'>ex</span> <span class='ocrx_word' id='word_1_174' title='bbox 377 1929 532 2008; x_wconf 88' lang='lat' dir='ltr'>praesidiis</span> <span class='ocrx_word' id='word_1_175' title='bbox 548 1935 730 1992; x_wconf 80' lang='lat' dir='ltr'>reuertentes</span> <span class='ocrx_word' id='word_1_176' title='bbox 743 1930 819 1991; x_wconf 87' lang='lat' dir='ltr'>forte</span> <span class='ocrx_word' id='word_1_177' title='bbox 834 1931 951 2007; x_wconf 84' lang='lat' dir='ltr'>agmine</span> <span class='ocrx_word' id='word_1_178' title='bbox 966 1928 1067 1988; x_wconf 88' lang='lat' dir='ltr'>forum</span> 
     </span>
     <span class='ocr_line' id='line_1_22' title="bbox 110 2012 1066 2090; baseline -0.002 -16"><span class='ocrx_word' id='word_1_179' title='bbox 110 2014 280 2082; x_wconf 86' lang='lat' dir='ltr'>transirent,</span> <span class='ocrx_word' id='word_1_180' title='bbox 298 2013 432 2074; x_wconf 90' lang='lat' dir='ltr'>centurio</span> <span class='ocrx_word' id='word_1_181' title='bbox 445 2013 476 2073; x_wconf 93' lang='lat' dir='ltr'>in</span> <span class='ocrx_word' id='word_1_182' title='bbox 488 2014 605 2074; x_wconf 87' lang='lat' dir='ltr'>comitio</span> <span class='ocrx_word' id='word_1_183' title='bbox 618 2012 788 2075; x_wconf 74' lang='lat' dir='ltr'>exclamant</span> <span class='ocrx_word' id='word_1_184' title='bbox 802 2013 955 2090; x_wconf 60' lang='lat' dir='ltr'>„signifer</span> <span class='ocrx_word' id='word_1_185' title='bbox 970 2015 1066 2072; x_wconf 85' lang='lat' dir='ltr'>statue</span> 
     </span>
     <span class='ocr_line' id='line_1_23' title="bbox 111 2095 1102 2176; baseline -0.001 -19"><span class='ocrx_word' id='word_1_186' title='bbox 111 2098 241 2174; x_wconf 83' lang='lat' dir='ltr'>signum,</span> <span class='ocrx_word' id='word_1_187' title='bbox 258 2095 308 2156; x_wconf 91' lang='lat' dir='ltr'>bic</span> <span class='ocrx_word' id='word_1_188' title='bbox 320 2095 505 2158; x_wconf 91' lang='lat' dir='ltr'>manebimus</span> <span class='ocrx_word' id='word_1_189' title='bbox 519 2098 660 2176; x_wconf 86' lang='lat' dir='ltr'>optime.“</span> <span class='ocrx_word' id='word_1_190' title='bbox 690 2114 748 2173; x_wconf 85' lang='lat' dir='ltr'>qua</span> <span class='ocrx_word' id='word_1_191' title='bbox 765 2115 836 2158; x_wconf 82' lang='lat' dir='ltr'>uoce</span> <span class='ocrx_word' id='word_1_192' title='bbox 852 2096 951 2157; x_wconf 88' lang='lat' dir='ltr'>audita</span> <span class='ocrx_word' id='word_1_193' title='bbox 972 2099 1001 2156; x_wconf 90' lang='lat' dir='ltr'>et</span> <span class='ocrx_word' id='word_1_194' title='bbox 1019 2113 1065 2156; x_wconf 89' lang='lat' dir='ltr'>se·</span> <span class='ocrx_word' id='word_1_195' title='bbox 1083 2106 1102 2156; x_wconf 76' lang='lat'><strong>2</strong></span> 
     </span>
     <span class='ocr_line' id='line_1_24' title="bbox 111 2177 1065 2258; baseline -0.003 -19"><span class='ocrx_word' id='word_1_196' title='bbox 111 2186 197 2240; x_wconf 90' lang='lat' dir='ltr'>natus</span> <span class='ocrx_word' id='word_1_197' title='bbox 220 2179 358 2258; x_wconf 88' lang='lat' dir='ltr'>accipere</span> <span class='ocrx_word' id='word_1_198' title='bbox 381 2198 412 2241; x_wconf 89' lang='lat' dir='ltr'>se</span> <span class='ocrx_word' id='word_1_199' title='bbox 434 2197 521 2241; x_wconf 91' lang='lat' dir='ltr'>omou</span> <span class='ocrx_word' id='word_1_200' title='bbox 545 2199 580 2241; x_wconf 83' lang='lat' dir='ltr'>ex</span> <span class='ocrx_word' id='word_1_201' title='bbox 600 2180 681 2240; x_wconf 90' lang='lat' dir='ltr'>curia</span> <span class='ocrx_word' id='word_1_202' title='bbox 703 2197 840 2258; x_wconf 82' lang='lat' dir='ltr'>egressus</span> <span class='ocrx_word' id='word_1_203' title='bbox 864 2177 1065 2247; x_wconf 87' lang='lat' dir='ltr'>conclamavit,</span> 
     </span>
     <span class='ocr_line' id='line_1_25' title="bbox 112 2258 1066 2343; baseline -0.002 -19"><span class='ocrx_word' id='word_1_204' title='bbox 112 2270 140 2324; x_wconf 85' lang='lat' dir='ltr'>et</span> <span class='ocrx_word' id='word_1_205' title='bbox 166 2261 250 2343; x_wconf 87' lang='lat' dir='ltr'>plebs</span> <span class='ocrx_word' id='word_1_206' title='bbox 277 2263 454 2324; x_wconf 85' lang='lat' dir='ltr'>circumfusa</span> <span class='ocrx_word' id='word_1_207' title='bbox 476 2261 657 2342; x_wconf 82' lang='lat' dir='ltr'>adprobavit.</span> <span class='ocrx_word' id='word_1_208' title='bbox 700 2264 850 2340; x_wconf 87' lang='lat' dir='ltr'>antiquata</span> <span class='ocrx_word' id='word_1_209' title='bbox 871 2262 978 2324; x_wconf 89' lang='lat' dir='ltr'>deinde</span> <span class='ocrx_word' id='word_1_210' title='bbox 1000 2258 1066 2337; x_wconf 83' lang='lat' dir='ltr'>lege</span> 
     </span>
     <span class='ocr_line' id='line_1_26' title="bbox 111 2343 1103 2426; baseline -0.003 -20"><span class='ocrx_word' id='word_1_211' title='bbox 111 2348 259 2425; x_wconf 88' lang='lat' dir='ltr'>promisce</span> <span class='ocrx_word' id='word_1_212' title='bbox 276 2345 349 2407; x_wconf 93' lang='lat' dir='ltr'>urbs</span> <span class='ocrx_word' id='word_1_213' title='bbox 365 2347 513 2408; x_wconf 87' lang='lat' dir='ltr'>aedificari</span> <span class='ocrx_word' id='word_1_214' title='bbox 533 2352 646 2426; x_wconf 89' lang='lat' dir='ltr'>coepta.</span> <span class='ocrx_word' id='word_1_215' title='bbox 674 2345 773 2422; x_wconf 81' lang='lat' dir='ltr'>tegula</span> <span class='ocrx_word' id='word_1_216' title='bbox 792 2345 911 2424; x_wconf 90' lang='lat' dir='ltr'>publice</span> <span class='ocrx_word' id='word_1_217' title='bbox 932 2343 1066 2423; x_wconf 90' lang='lat' dir='ltr'>praebita</span> <span class='ocrx_word' id='word_1_218' title='bbox 1083 2350 1103 2403; x_wconf 72' lang='lat' dir='ltr'>u</span> 
     </span>
     <span class='ocr_line' id='line_1_27' title="bbox 112 2427 1065 2508; baseline -0.004 -18"><span class='ocrx_word' id='word_1_219' title='bbox 112 2436 169 2499; x_wconf 90' lang='lat' dir='ltr'>est,</span> <span class='ocrx_word' id='word_1_220' title='bbox 186 2431 250 2491; x_wconf 84' lang='lat' dir='ltr'>saxi</span> <span class='ocrx_word' id='word_1_221' title='bbox 265 2429 466 2508; x_wconf 89' lang='lat' dir='ltr'>materiaeque</span> <span class='ocrx_word' id='word_1_222' title='bbox 480 2428 661 2497; x_wconf 85' lang='lat' dir='ltr'>caedendae,</span> <span class='ocrx_word' id='word_1_223' title='bbox 676 2427 755 2488; x_wconf 91' lang='lat' dir='ltr'>unde</span> <span class='ocrx_word' id='word_1_224' title='bbox 768 2429 891 2505; x_wconf 91' lang='lat' dir='ltr'>quisque</span> <span class='ocrx_word' id='word_1_225' title='bbox 904 2427 1003 2496; x_wconf 86' lang='lat' dir='ltr'>vellet,</span> <span class='ocrx_word' id='word_1_226' title='bbox 1019 2429 1065 2487; x_wconf 89' lang='lat' dir='ltr'>ius</span> 
     </span>
     <span class='ocr_line' id='line_1_28' title="bbox 111 2507 1064 2590; baseline -0.004 -18"><span class='ocrx_word' id='word_1_227' title='bbox 111 2513 220 2573; x_wconf 87' lang='lat' dir='ltr'>factum</span> <span class='ocrx_word' id='word_1_228' title='bbox 242 2509 403 2589; x_wconf 89' lang='lat' dir='ltr'>praedibus</span> <span class='ocrx_word' id='word_1_229' title='bbox 424 2513 552 2590; x_wconf 87' lang='lat' dir='ltr'>acceptis</span> <span class='ocrx_word' id='word_1_230' title='bbox 570 2529 604 2572; x_wconf 90' lang='lat' dir='ltr'>eo</span> <span class='ocrx_word' id='word_1_231' title='bbox 625 2527 702 2570; x_wconf 90' lang='lat' dir='ltr'>anno</span> <span class='ocrx_word' id='word_1_232' title='bbox 724 2510 855 2572; x_wconf 85' lang='lat' dir='ltr'>aedificia</span> <span class='ocrx_word' id='word_1_233' title='bbox 869 2507 1064 2590; x_wconf 80' lang='lat' dir='ltr'>perfecturos.</span> 
     </span>
     <span class='ocr_line' id='line_1_29' title="bbox 111 2592 1101 2671; baseline -0.004 -15"><span class='ocrx_word' id='word_1_234' title='bbox 111 2595 258 2656; x_wconf 79' lang='lat' dir='ltr'>festinatio</span> <span class='ocrx_word' id='word_1_235' title='bbox 274 2610 375 2654; x_wconf 92' lang='lat' dir='ltr'>curam</span> <span class='ocrx_word' id='word_1_236' title='bbox 396 2595 503 2666; x_wconf 69' lang='lat' dir='ltr'>exemit</span> <span class='ocrx_word' id='word_1_237' title='bbox 522 2595 601 2655; x_wconf 84' lang='lat' dir='ltr'>vicos</span> <span class='ocrx_word' id='word_1_238' title='bbox 621 2593 781 2671; x_wconf 84' lang='lat' dir='ltr'>dirigendi,</span> <span class='ocrx_word' id='word_1_239' title='bbox 804 2594 875 2654; x_wconf 90' lang='lat' dir='ltr'>dum</span> <span class='ocrx_word' id='word_1_240' title='bbox 890 2593 998 2654; x_wconf 75' lang='lat' dir='ltr'>ombso</span> <span class='ocrx_word' id='word_1_241' title='bbox 1020 2592 1101 2653; x_wconf 73' lang='lat' dir='ltr'>suls</span> 
     </span>
     <span class='ocr_line' id='line_1_30' title="bbox 112 2675 1102 2755; baseline -0.007 -17"><span class='ocrx_word' id='word_1_242' title='bbox 112 2677 259 2755; x_wconf 88' lang='lat' dir='ltr'>alicnlque</span> <span class='ocrx_word' id='word_1_243' title='bbox 274 2676 444 2738; x_wconf 82' lang='lat' dir='ltr'>discrimine</span> <span class='ocrx_word' id='word_1_244' title='bbox 459 2677 489 2736; x_wconf 91' lang='lat' dir='ltr'>in</span> <span class='ocrx_word' id='word_1_245' title='bbox 505 2696 596 2738; x_wconf 83' lang='lat' dir='ltr'>vacuo</span> <span class='ocrx_word' id='word_1_246' title='bbox 611 2675 773 2738; x_wconf 90' lang='lat' dir='ltr'>aedificant.</span> <span class='ocrx_word' id='word_1_247' title='bbox 804 2696 836 2738; x_wconf 90' lang='lat' dir='ltr'>ea</span> <span class='ocrx_word' id='word_1_248' title='bbox 855 2682 899 2738; x_wconf 91' lang='lat' dir='ltr'>est</span> <span class='ocrx_word' id='word_1_249' title='bbox 915 2695 1019 2746; x_wconf 90' lang='lat' dir='ltr'>cansa,</span> <span class='ocrx_word' id='word_1_250' title='bbox 1034 2681 1067 2735; x_wconf 89' lang='lat' dir='ltr'>ut</span> <span class='ocrx_word' id='word_1_251' title='bbox 1083 2677 1102 2730; x_wconf 80' lang='lat' dir='ltr'>b</span> 
     </span>
     <span class='ocr_line' id='line_1_31' title="bbox 114 2758 1065 2840; baseline -0.002 -20"><span class='ocrx_word' id='word_1_252' title='bbox 114 2768 225 2823; x_wconf 80' lang='lat' dir='ltr'>veteres</span> <span class='ocrx_word' id='word_1_253' title='bbox 248 2758 380 2830; x_wconf 86' lang='lat' dir='ltr'>cloacae,</span> <span class='ocrx_word' id='word_1_254' title='bbox 403 2761 500 2840; x_wconf 92' lang='lat' dir='ltr'>primo</span> <span class='ocrx_word' id='word_1_255' title='bbox 523 2779 578 2840; x_wconf 87' lang='lat' dir='ltr'>per</span> <span class='ocrx_word' id='word_1_256' title='bbox 600 2758 752 2838; x_wconf 91' lang='lat' dir='ltr'>publicum</span> <span class='ocrx_word' id='word_1_257' title='bbox 768 2760 888 2830; x_wconf 77' lang='lat' dir='ltr'>decue,</span> <span class='ocrx_word' id='word_1_258' title='bbox 907 2777 987 2821; x_wconf 92' lang='lat' dir='ltr'>nunc</span> <span class='ocrx_word' id='word_1_259' title='bbox 1003 2759 1065 2838; x_wconf 90' lang='lat' dir='ltr'>pri-</span> 
     </span>
     <span class='ocr_line' id='line_1_32' title="bbox 115 2842 1066 2924; baseline -0.003 -20"><span class='ocrx_word' id='word_1_260' title='bbox 115 2850 176 2905; x_wconf 82' lang='lat' dir='ltr'>vata</span> <span class='ocrx_word' id='word_1_261' title='bbox 190 2845 301 2924; x_wconf 88' lang='lat' dir='ltr'>passim</span> <span class='ocrx_word' id='word_1_262' title='bbox 315 2842 443 2905; x_wconf 88' lang='lat' dir='ltr'>subeant</span> <span class='ocrx_word' id='word_1_263' title='bbox 456 2850 547 2915; x_wconf 87' lang='lat' dir='ltr'>tecta,</span> <span class='ocrx_word' id='word_1_264' title='bbox 569 2845 723 2922; x_wconf 88' lang='lat' dir='ltr'>formaque</span> <span class='ocrx_word' id='word_1_265' title='bbox 745 2843 828 2906; x_wconf 91' lang='lat' dir='ltr'>urbis</span> <span class='ocrx_word' id='word_1_266' title='bbox 847 2843 887 2906; x_wconf 89' lang='lat' dir='ltr'>sit</span> <span class='ocrx_word' id='word_1_267' title='bbox 903 2847 1066 2921; x_wconf 83' lang='lat' dir='ltr'>occupatae</span> 
     </span>
     <span class='ocr_line' id='line_1_33' title="bbox 113 2926 559 3008; baseline 0.004 -20"><span class='ocrx_word' id='word_1_268' title='bbox 113 2928 204 3007; x_wconf 77' lang='lat' dir='ltr'>magis</span> <span class='ocrx_word' id='word_1_269' title='bbox 220 2945 309 3008; x_wconf 89' lang='lat' dir='ltr'>quam</span> <span class='ocrx_word' id='word_1_270' title='bbox 324 2926 432 2990; x_wconf 84' lang='lat' dir='ltr'>divisae</span> <span class='ocrx_word' id='word_1_271' title='bbox 447 2927 559 2990; x_wconf 90' lang='lat' dir='ltr'>similis.</span> 
     </span>
    </p>
   </div>
   <div class='ocr_carea' id='block_1_3' title="bbox 510 3243 708 3258">
    <p class='ocr_par' dir='ltr' id='par_1_4' title="bbox 510 3243 708 3258">
     <span class='ocr_line' id='line_1_34' title="bbox 510 3243 708 3258; baseline -0.01 -2"><span class='ocrx_word' id='word_1_272' title='bbox 510 3243 708 3258; x_wconf 45' lang='grc' dir='ltr'>...ιιι-ομ.</span> 
     </span>
    </p>
   </div>
   <div class='ocr_carea' id='block_1_4' title="bbox 0 0 1278 3956">
    <p class='ocr_par' dir='ltr' id='par_1_5' title="bbox 0 0 1278 3956">
     <span class='ocr_line' id='line_1_35' title="bbox 0 0 1278 3956; baseline 0 0"><span class='ocrx_word' id='word_1_273' title='bbox 0 0 1278 3956; x_wconf 95' lang='lat' dir='ltr'> </span> 
     </span>
    </p>
   </div>
  </div>
 </body>
</html>
