2522 3954
218 227 300 275 xurv
406 225 454 272 mn
468 205 540 273 riui
557 225 643 272 o1v11
660 223 743 272 uma
759 223 803 271 ur
821 222 986 272 sompnis.

216 403 270 444 non
282 385 373 460 potuit
385 384 482 448 omnia,
495 400 563 458 quae
577 383 650 440 inter
665 381 836 440 scribendum
849 380 1004 457 colligebat,
1020 391 1093 441 reete
1105 383 1177 441 inter

216 485 246 526 se
266 485 422 544 comparare
446 476 473 525 et
493 467 659 530 examinare,
679 482 730 523 uec
750 465 843 540 priora
862 483 893 523 ac
912 473 1052 540 posterius
1067 476 1177 524 narrata

216 553 282 610 satis
296 553 441 626 respicere,
457 568 545 625 neque
559 549 593 608 ab
606 549 746 608 erroribus
760 549 813 606 sibi
827 565 929 606 carere.
951 549 990 608 lta
1001 549 1089 626 plura,
1107 569 1178 626 quae

217 652 311 710 parurn
332 637 403 692 iuter
419 651 448 692 se
462 634 634 698 conveniunt,
654 632 779 708 scripsit,
800 640 847 690 aut
869 633 999 691 memoria
1020 633 1113 709 lapsus
1129 644 1176 692 aul

217 720 290 794 quod
309 718 377 776 alios
396 718 457 776 aliis
476 718 544 776 locis
564 717 654 775 lontcs
669 716 774 782 adibam
793 716 924 774 nonnulla
939 717 1044 782 omisit;
1067 717 1120 775 alia
1134 719 1177 774 bis

215 804 434 862 commemoravit
447 803 480 859 ab
494 801 630 860 annalium
640 800 821 876 scriptoribus
832 817 888 858 uon
903 801 1029 858 omuibus
1039 819 1095 859 uno
1104 818 1176 859 anno

215 886 320 962 posite;
338 886 390 944 alia
405 893 540 960 tamquam
557 887 610 942 iam
626 893 690 941 ante
710 885 807 941 tradita
821 885 941 959 respicit,
957 901 1073 960 quorum
1086 894 1175 944 tamen

215 970 379 1027 mentionem
393 987 449 1027 non
464 969 536 1034 lecit,
548 968 600 1026 alia
611 967 765 1043 posteriore
781 967 842 1025 loco
857 983 912 1025 non
926 969 964 1026 ita
977 977 1080 1025 utente
1091 968 1176 1043 signi·

215 1051 302 1111 docvit
313 1053 454 1128 exposuit;
471 1053 607 1110 interdurn
621 1069 664 1109 res
676 1050 814 1108 inchoatas
835 1061 949 1126 propter
969 1051 1021 1108 alia
1034 1053 1175 1110 interiecta

144 1131 146 1138 ’
215 1136 285 1193 initii
304 1135 404 1194 oblitus
424 1153 479 1194 non
495 1135 625 1200 absolrim
646 1134 710 1192 alibi
725 1143 848 1210 tempora
866 1143 894 1191 et
913 1130 1044 1210 personas
1061 1137 1175 1194 conlun-

214 1220 269 1285 dit:
291 1219 355 1278 alibi
378 1237 422 1278 res
439 1220 552 1278 minoris
575 1219 705 1276 momenti
729 1219 805 1276 auxie
827 1227 919 1282 curat,
948 1218 1011 1276 alibi
1034 1219 1174 1294 grauiores

214 1313 340 1362 autorum
359 1321 521 1362 consensum
541 1303 672 1379 probasse
692 1309 836 1360 contentus
854 1301 974 1377 neglexit
995 1311 1041 1360 aut
1056 1303 1172 1362 brevius.

214 1405 294 1462 quarn
305 1404 354 1463 par
369 1397 435 1452 erat,
446 1389 522 1462 quasi
534 1387 622 1445 taedio
634 1402 726 1443 morae
736 1393 832 1460 captus
845 1393 872 1443 et
884 1386 916 1443 ad
925 1385 1004 1444 linem
1014 1403 1170 1463 properans,

214 1471 419 1546 summatimque
434 1471 561 1546 exposuit
569 1463 627 1542 ¹²⁰).
652 1467 748 1526 ilarius
762 1485 831 1543 quae
846 1485 877 1526 ex
889 1469 981 1528 latinis
992 1471 1173 1546 scriptoribus

213 1554 309 1628 petivit
328 1571 423 1628 parurn
438 1561 561 1613 accurate
578 1551 723 1615 intellexit,
741 1553 848 1628 saepius
865 1552 892 1610 in
907 1553 1020 1629 Polybio
1039 1557 1161 1630 interprc

214 1637 294 1694 tando
303 1631 352 1712 ¹²⁷)
367 1638 423 1695 sive
443 1654 535 1695 rerum
550 1637 582 1695 ab
600 1653 632 1694 eo
648 1635 807 1694 traditorum
827 1637 995 1712 ignorantia,
1011 1640 1066 1696 sive
1083 1655 1169 1712 graec·

214 1722 346 1778 sermonis
367 1739 462 1796 parum
485 1729 609 1779 accurata
626 1720 796 1794 cognitione,
820 1720 875 1778 sive
900 1720 1089 1784 festinatione,
1116 1721 1173 1779 sive

212 1805 335 1880 corrupti
354 1804 454 1863 codicis
473 1804 635 1864 lectionibus
657 1804 786 1878 deceptus
796 1797 845 1876 128)
864 1805 973 1863 erravit.
1003 1805 1128 1863 Ceterum
1144 1807 1172 1862 bi

212 1904 321 1946 errores
336 1905 391 1946 non
405 1889 443 1946 ita
457 1889 614 1962 trequentes
629 1895 702 1952 sunt,
718 1897 746 1944 ot
760 1880 793 1943 iu'
803 1887 889 1962 prima
903 1889 1002 1947 decade
1017 1907 1107 1948 rerum
1124 1891 1172 1947 ob·

212 1973 350 2036 scuritate,
368 1974 396 2028 in
412 1972 524 2047 reliquis
538 1971 616 2048 copia
631 1979 658 2028 et
673 1971 801 2029 varietate
820 1973 947 2030 materiae
962 1981 991 2030 et
1006 1972 1171 2031 voluminum

212 2053 419 2112 evolvendorum
439 2055 612 2112 multitudiue
633 2062 661 2111 et
681 2048 865 2128 molestia.¹²⁹)
887 2055 1105 2130 aliquaratioue
1127 2075 1172 2115 ex·

211 2146 354 2203 cusentum
381 2155 541 2214 quamquam
561 2138 654 2213 negari
674 2155 729 2196 non
747 2146 840 2213 potest
852 2139 963 2204 Livium,
980 2159 1042 2199 cum
1057 2141 1089 2198 ad
1105 2143 1171 2198 scri·

212 2220 328 2280 bendum
354 2224 507 2286 accederet,
535 2222 582 2298 qui
604 2222 694 2280 fontes
717 2221 890 2297 potissimum
906 2224 1036 2288 adeundi,
1062 2239 1171 2300 quoque

212 2305 292 2362 modo
312 2313 340 2362 et
356 2313 456 2379 quanta
474 2305 615 2380 diligentia
635 2305 748 2363 materia
767 2305 897 2363 historiae
916 2306 1069 2383 colligenda
1085 2315 1114 2365 et
1127 2326 1172 2365 ex·

212 2388 351 2445 aminamla
376 2398 449 2446 esset
470 2399 587 2447 autnon
608 2389 673 2446 satis
687 2397 860 2464 perspectum
887 2390 1029 2456 babuisse,
1045 2401 1092 2448 aut
1106 2409 1171 2450 cou-

212 2471 337 2546 quirendi
351 2488 408 2530 eam
427 2480 469 2538 et,
491 2474 514 2530 si
535 2473 600 2548 quid
619 2472 707 2529 minus
725 2479 798 2530 recte
820 2474 990 2538 tradidisset,
1011 2476 1169 2532 emendandi

211 2554 332 2612 laborem
347 2564 375 2612 et
388 2557 540 2614 molestiam
551 2556 662 2630 lugisse.

272 2638 304 2695 llt
319 2639 346 2696 in
361 2640 404 2696 his
420 2641 528 2713 quidem
542 2649 623 2714 atque
638 2638 771 2696 similibus
785 2639 878 2714 lapsus
894 2649 945 2705 est,
962 2642 1034 2715 quod
1051 2659 1067 2699 a
1081 2641 1169 2698 literis

212 2737 267 2778 non
284 2723 350 2778 satis
372 2722 522 2781 instructus
535 2724 568 2779 ad
584 2722 725 2778 historiam
741 2723 908 2782 scribendam
923 2734 1086 2790 accesseram
1108 2744 1169 2800 gra·

211 2804 270 2861 vius
284 2812 312 2862 ct
327 2805 434 2880 saepius
449 2806 556 2870 erravit,
571 2806 643 2879 quod
658 2823 745 2879 neque
761 2807 830 2866 vitae
844 2825 895 2864 usu
910 2825 997 2883 neque
1015 2826 1105 2867 rerum
1121 2827 1171 2884 pu·

211 2886 341 2946 blicarum
363 2888 429 2946 belli
449 2889 576 2963 domique
592 2888 838 2954 administratione,
856 2892 951 2966 inqua
969 2893 1077 2966 quidem
1092 2903 1170 2966 parte

280 3119 337 3186 120)
352 3123 388 3174 cr,
402 3123 438 3180 u,
449 3121 496 3178 en
514 3121 581 3178 unx,
593 3119 627 3170 ao
639 3137 689 3186 sqq.
703 3123 742 3171 an.

281 3203 337 3268 127)
350 3206 375 3256 t.
390 3207 491 3257 Crevier.
504 3205 578 3270 prael.
591 3204 655 3260 lllll;
668 3205 785 3254 Focrsteri
798 3205 900 3264 dissert..
918 3221 962 3271 qna
975 3208 1042 3257 locos
1054 3208 1168 3272 quosdam

211 3271 440 3388 {olybibpbletiuis
463 3277 592 3336 interprett.
610 3271 676 3321 Livio
694 3278 738 3321 cto.
762 3286 885 3337 perperam
907 3275 1033 3324 translatos
1050 3277 1169 3339 proponit,

230 3351 274 3402 aps.
357 3375 363 3388 .

279 3401 493 3466 mensurnam.
507 3405 536 3462 ll,
551 3402 613 3461 lter
628 3403 777 3470 premerid.
792 3406 894 3468 Gotting.
909 3403 1082 3472 mespres.

279 3485 336 3551 129)
350 3488 440 3539 Becker
451 3487 602 3537 Vorarbeitcn
616 3495 659 3536 ete.
679 3503 701 3551 p.
715 3485 764 3536 201
777 3503 842 3553 sqq.;
856 3489 1000 3541 Lachmann.
1014 3489 1032 3549 l,
1044 3487 1086 3541 95.
