2522 3954
232 211 282 260 XX
407 209 455 257 DE
477 205 550 255 utut
567 206 655 255 mvn
672 206 755 254 tumn
773 205 818 254 ET
834 204 986 253 scutrum

230 367 377 426 Suetonius
391 365 720 440 iiiv.iug.89Auqustum
727 363 886 422 ruteriuisse
898 370 1024 427 testatur,
1039 361 1189 438 particulae.

230 451 359 527 quadum
372 453 400 507 in
411 449 536 507 notitiem
543 449 684 508 hominum
692 447 785 506 tenire
793 456 952 523 potuerunt,
964 447 1012 504 seu
1022 455 1138 522 propter
1149 465 1188 509 eu,

233 553 300 611 quae
318 536 399 594 modo
413 533 495 591 silete
508 542 581 596 sunt,
595 549 658 590 mon
672 530 780 606 empulo
794 531 931 589 uoimnine
946 538 992 588 eut
1003 539 1095 606 partes
1107 548 1189 606 supra

229 618 393 694 significetis
414 618 442 674 in
457 616 600 691 -ponltenm
621 616 706 674 editus
731 631 792 672 esse
813 615 986 673 statnenfflum
1009 621 1060 671 est.
1095 614 1188 689 Neque

228 704 300 760 enisu
317 703 370 760 nisi
395 703 448 759 hoe
467 701 547 758 mode
567 699 629 756 ueri
643 699 748 774 potuit.
770 707 802 756 ut
815 699 920 762 Livius,
942 698 1006 755 dum
1026 698 1188 756 interrivos

230 787 289 851 suit,
306 804 337 844 eu
352 785 441 861 qioriu
455 784 574 848 floreret,
594 801 674 858 quum
691 783 793 858 etipse
807 783 878 859 upnti
893 781 965 842 Plin.
979 781 998 838 i.
1008 781 1028 838 l.
1043 798 1073 840 se
1089 782 1188 839 hniere

229 870 381 945 proiitetur,
397 879 425 926 et
437 868 506 928 Plio.
521 868 586 924 min.
604 861 757 925 assecutum
778 883 840 924 eum
854 883 914 924 esse
926 866 1022 930 donet,
1042 867 1088 941 qui
1103 864 1187 940 iipist.

229 954 257 1016 ii.
273 962 304 1014 3:
331 969 530 1028 „numquamne
544 952 634 1026 inquit
646 950 739 1026 legisti
754 950 914 1010 (iuditenum
928 950 1062 1026 mentem
1077 950 1106 1007 Τ.
1121 950 1187 1007 Livii

228 1041 337 1095 nomine
352 1037 495 1112 gloriaque
510 1044 676 1096 summotum
691 1036 724 1092 ui
735 1035 874 1094 mnndum
894 1051 955 1092 eum
969 1034 1003 1091 ab
1017 1033 1114 1091 ultimo
1133 1042 1188 1091 ter·
1249 1083 1250 1110 ᾗ

229 1121 516 1190 rurumorbeveuisee,
528 1119 673 1194 statimque
683 1126 715 1176 ut
729 1119 831 1177 videret
846 1118 982 1176 obiissei“
999 1119 1188 1176 Teutaneuim
1249 1149 1250 1164 r

228 1204 342 1278 plenium
365 1206 408 1262 vin
427 1205 520 1280 potuit
536 1212 583 1262 eut
601 1202 799 1279 philosophicis
819 1202 941 1277 quem
963 1201 1110 1278 praeclaris
1140 1211 1187 1258 aut

227 1289 372 1348 rhetoricis
392 1289 470 1348 tibris
489 1289 542 1345 sibi
563 1303 676 1363 perure,
698 1286 745 1343 soei
769 1287 872 1344 maiore
894 1295 922 1342 et
941 1284 1075 1360 singulari
1094 1301 1186 1360 opere,

226 1372 333 1446 quuiem
348 1373 491 1430 lustorium
510 1373 569 1429 eius
584 1369 721 1432 ueteribus
736 1370 820 1426 rmum
836 1386 896 1426 esse
912 1370 1020 1432 seimus,
1035 1369 1186 1442 acquirere,

228 1472 307 1530 wem
327 1473 383 1513 nou
403 1453 491 1512 solum
506 1453 634 1529 aequales
646 1453 770 1510 admiruti
788 1454 853 1516 sint,
871 1452 1014 1510 sedetiam
1031 1453 1187 1527 posteriore

226 1547 314 1597 estete
335 1539 501 1597 clarissimus
524 1546 553 1596 et
571 1537 771 1595 eruditissimus
790 1537 906 1612 quisque
927 1536 1040 1594 summis
1061 1535 1186 1592 laudibus

226 1621 362 1680 ertuierit,
393 1622 496 1691 Quibus
509 1639 558 1680 eur
571 1621 670 1695 dignus
685 1621 722 1677 sit
737 1619 847 1678 habitus
861 1620 885 1677 si
898 1637 1006 1679 causum
1023 1619 1185 1694 quaerimus,

226 1709 288 1764 iude
301 1708 408 1764 ridetur
421 1706 568 1780 repetenda
582 1721 652 1769 esse,
668 1705 742 1780 quod
751 1705 850 1769 Liuius,
867 1712 899 1762 ut
914 1721 1007 1761 omues
1022 1711 1083 1760 unte
1100 1720 1129 1760 se
1143 1719 1186 1760 ro-

226 1807 287 1848 rum
305 1792 454 1866 seriptores
474 1798 502 1846 et
519 1789 609 1864 operis
626 1788 801 1864 amplitudine
821 1798 849 1846 et
869 1788 956 1863 polite
972 1796 1054 1863 etque
1067 1787 1184 1861 eleganti

226 1875 349 1934 erutione
365 1873 509 1948 superavit,
524 1873 563 1929 ita
574 1872 725 1937 historium
741 1873 768 1930 id
785 1872 857 1947 quod
872 1880 900 1930 et
913 1870 988 1929 illius
1003 1879 1031 1928 et
1041 1871 1185 1946 insequen-

226 1959 262 2015 tis
284 1959 380 2016 uetitis
399 1957 524 2014 homiues
549 1956 662 2014 maxime
683 1956 849 2031 probabunt,
870 1973 902 2014 eo
918 1955 999 2013 modo
1014 1954 1137 2030 scripsit,
1154 1963 1185 2012 ut

226 2058 280 2098 nou
296 2041 383 2098 seium
401 2038 603 2100 delectemutur
620 2039 769 2114 legentium
783 2041 874 2103 enimi,
887 2039 935 2096 sod
950 2039 1030 2097 etiem
1046 2039 1116 2097 uitee
1132 2039 1184 2095 vir·

228 2125 293 2182 tutis
310 2123 470 2200 prudentiae
484 2123 616 2181 heberent
629 2123 787 2198 magistrum
797 2117 844 2196 ⁴⁸).

284 2209 373 2283 Atque
394 2207 474 2264 huius
493 2201 628 2281 laudisw)
645 2215 816 2282 appetentem
836 2207 868 2264 ud
889 2213 990 2263 tentum
1011 2222 1069 2262 rem
1085 2222 1115 2262 se
1141 2223 1183 2264 ue·

225 2293 341 2350 cessisse
357 2291 446 2348 Livius
465 2290 523 2366 ipse
546 2291 574 2347 in
596 2290 764 2365 praefatione
780 2290 922 2366 professus
941 2297 992 2346 est.
1020 2287 1086 2346 iiam
1110 2291 1182 2364 quod

226 2419 425 2438 Μ

227 2474 390 2538 philosophum
402 2472 581 2523 uemeietiouen
591 2473 672 2530 tuisse,
684 2473 725 2522 uili
737 2472 806 2521 aliter
816 2476 931 2526 statuunt:
943 2471 976 2520 oi.
988 2469 1157 2523 temneret.
1165 2473 1181 2524 Ι.

227 2545 244 2600 Ι,
256 2540 286 2599 t;
297 2541 461 2602 weingurtner
472 2555 495 2604 p.
508 2537 543 2590 43
554 2553 616 2605 sqq,
634 2539 662 2590 0.
674 2539 740 2590 lehn.
753 2538 843 2604 proies
855 2537 888 2588 nd
898 2537 963 2588 Pers.
975 2553 999 2603 p.
1013 2538 1052 2589 1¹.

291 2604 335 2670 48)
354 2607 406 2658 tid.
424 2607 491 2658 Nion.
504 2608 520 2657 Ι.
533 2607 550 2657 i.
563 2605 610 2665 523
627 2605 760 2657 Sciriosseri
779 2604 840 2654 iiiet.
858 2605 922 2656 univ.
939 2605 977 2656 ei.
996 2606 1024 2658 G.
1038 2605 1181 2667 Krieueriv,

228 2672 288 2725 teo:
307 2675 387 2724 tium
398 2675 561 2736 hermogene
572 2675 655 2724 suren
665 2673 751 2724 Zweek
762 2671 903 2733 romnus
914 2672 1029 2729 erreieht3
1047 2674 1098 2722 sein
1111 2673 1182 2724 Werk

227 2745 257 2791 ist
274 2743 312 2791 ein
328 2742 463 2792 uiritiehes
479 2741 652 2792 Nettonelwerk
666 2739 805 2800 geworden,
823 2739 897 2790 estet
913 2739 984 2801 stitis
999 2739 1128 2790 instetur
1141 2741 1179 2791 der

226 2811 311 2860 [timer
327 2809 504 2872 thergegenseu
520 2809 569 2859 und
581 2809 621 2858 die
631 2807 752 2858 somnone
762 2807 846 2858 Notion
857 2807 899 2857 het
909 2806 1102 2859 metusmetus
1118 2807 1182 2857 ihrer

227 2877 414 2937 tenuissemus
429 2891 457 2927 so
473 2877 601 2938 euigeiusst
616 2874 665 2924 uni
676 2875 713 2926 uls
723 2875 790 2924 wshr
801 2887 982 2937 supernomen,
1000 2875 1045 2925 wie
1056 2875 1135 2924 Liuius
1147 2876 1182 2924 sie

225 2943 343 3060 gasmait:
356 2958 377 2994 v.
391 2942 648 2994 siusuttniverselhtsr.
661 2941 800 2992 Uebersieht
811 2941 945 2994 derGeeeir.
953 2941 976 2992 d.
984 2941 1148 3000 eitenWeltii‚
1157 2941 1180 2999 2,

287 3025 338 3139 Ἤ)
353 3079 413 3128 Ptin.
426 3078 455 3127 ii.
467 3078 494 3127 N.
507 3077 582 3140 preei.
597 3073 641 3125 le:
660 3077 788 3141 ..profiteor
799 3077 876 3140 iuquit
892 3077 975 3127 mireri
987 3077 1014 3128 Τ.
1027 3077 1126 3134 Livium.
1139 3091 1180 3126 uu·
1247 3057 1248 3082 ³

226 3153 300 3194 mrem
306 3145 491 3201 'celeberrimum
498 3145 523 3193 in
534 3140 685 3194 nemrim
696 3157 798 3202 suerum,
804 3157 862 3208 ques
874 3144 993 3210 repetiisti
1005 3144 1095 3206 origiue
1105 3144 1172 3194 urbis

225 3212 448 3275 quednmvolumine
459 3212 495 3261 sie
507 3223 600 3260 orsumt
612 3212 670 3261 setis
681 3211 728 3262 iem
735 3211 781 3262 sini
792 3211 1030 3276 sensumsensurn,
1042 3217 1065 3260 et
1075 3213 1180 3276 potuisse

225 3293 251 3326 se
268 3278 387 3334 desidere.
404 3281 429 3327 ui
446 3278 538 3328 enimus
553 3279 645 3343 inquies
662 3286 797 3344 peseeretur
808 3292 889 3344 opere.
906 3279 1013 3344 proioeto
1025 3279 1088 3328 enine
1099 3280 1178 3344 popuii

127 3401 134 3408 ¹
226 3346 327 3406 gentium
343 3346 440 3394 victoris
457 3352 480 3394 et
491 3347 588 3396 Romnui
601 3347 704 3396 heminis
720 3345 816 3407 usust
833 3360 881 3396 uon
898 3361 955 3396 suus
966 3347 1127 3410 composuisse
1138 3348 1177 3400 ilit

226 3411 311 3460 ieeuit.
319 3413 393 3461 mons
405 3413 513 3462 meritum
524 3421 587 3464 esset
597 3414 676 3480 operis
687 3427 775 3471 emere,
785 3427 831 3463 nou
841 3414 914 3463 enimi
927 3425 997 3462 eunte
1008 3427 1178 3476 perseverasse.

225 3485 248 3528 et
260 3478 304 3528 hoe
321 3477 407 3542 populo
419 3479 446 3529 ii.
459 3483 612 3545 praestitisse,
629 3495 676 3532 non
693 3481 765 3531 sibi.“
788 3480 836 3531 Sed
852 3481 927 3543 magis
940 3480 1072 3530 mirendum
1084 3489 1120 3531 est
1131 3482 1177 3532 Pii·
