2572 3956
226 182 288 245 lon
316 195 413 238 nmnrr
424 195 460 237 ιι.
479 193 550 237 nar.
562 185 605 242 39.
617 186 660 240 tu.
677 176 752 256 [an.
765 176 1097 259 andedum-buddam]

226 342 308 404 l’edo
326 343 420 413 ducit,
443 352 472 405 et
493 342 530 405 ad
549 345 644 406 lossas
664 342 784 406 Cluilias
803 346 933 423 quinque
952 345 990 407 ab
1010 346 1087 409 urbe
1103 349 1190 410 milia

227 444 367 505 passuum
389 428 493 488 castris
514 427 618 505 positis
640 427 798 507 populatur
817 429 887 491 inde
901 446 1005 507 agruim
1018 428 1191 492 Romanurn

193 517 211 568 o
228 508 400 571 custodibus
414 512 491 570 inter
505 508 697 589 populatores
706 511 814 582 missis,
831 512 882 588 qni
892 513 1086 590 patriciorum
1096 531 1190 592 agros

227 596 353 654 intactos
373 599 541 663 servarent,
563 594 624 655 sive
645 593 778 656 infensus
796 593 891 673 plebi,
914 596 976 658 sive
990 605 1024 656 ut
1036 595 1191 659 discordia

228 677 300 740 inde
312 677 390 738 inter
407 685 507 755 patres
521 674 699 754 plebemque
715 687 861 740 oreretur.
882 695 958 755 quae
972 679 1106 758 proiecto
1121 689 1189 741 orta

194 775 210 824 ι
229 768 307 823 esset
322 793 358 806 —
379 760 454 822 adeo
473 757 587 821 tribuni
608 761 667 820 iam
685 760 818 823 ferocem
833 779 889 839 per
903 780 937 824 se
953 761 1071 842 plebem
1086 765 1190 824 crimi-

228 843 327 905 nando
350 845 382 904 in
405 845 553 922 primores
574 844 697 905 civitatis
716 843 895 922 instigabant
910 878 964 915 —,
978 846 1031 906 sed
1046 854 1191 908 externus

228 929 327 998 umor,
343 927 504 989 maximum
519 927 696 990 concordiae
709 927 874 999 uinculum,
889 929 1019 1004 quamvis
1032 938 1190 1008 suspectos

194 1029 211 1078 8
229 1009 421 1088 infensosque
435 1013 513 1074 inter
527 1030 560 1072 se
576 1009 718 1090 iungebat
726 1012 854 1078 animos.
888 1011 919 1072 id
933 1009 1021 1074 nrodo
1037 1028 1099 1072 non
1114 1030 1189 1074 con·
1267 1019 1268 1040 ¹

229 1093 381 1166 veniebat,
405 1096 484 1172 quod
504 1101 623 1156 senatus
639 1093 834 1171 consulesque
855 1111 1000 1172 nusquam
1015 1093 1087 1156 alibi
1102 1113 1190 1174 spem
1267 1093 1268 1164 ξ

230 1195 317 1324 quaaim
343 1179 375 1238 in
402 1179 492 1240 armis
517 1175 676 1256 ponebant,
709 1175 813 1255 plebes
839 1179 937 1238 omnia
963 1194 1052 1256 quarn
1075 1175 1189 1240 bellurn
1267 1217 1268 1232 2

228 1280 259 1323 m
288 1260 365 1324 ebat.
1267 1323 1268 1328 ,

195 1349 213 1400 a
266 1345 342 1433 sp.
359 1344 483 1407 Nautius
502 1347 562 1408 iam
583 1354 613 1408 et
635 1347 703 1408 Sex.
720 1344 829 1407 Furius
850 1345 986 1408 consules
1007 1353 1101 1408 erant
1137 1363 1190 1408 eos

115 1441 120 1444 ·
228 1435 420 1491 recensentes
445 1429 593 1507 legiones,
619 1429 766 1508 praesidia
791 1445 846 1507 per
869 1445 972 1490 muros
993 1427 1125 1507 aliaque,
1156 1430 1190 1488 in
1267 1431 1268 1510 J

229 1510 337 1588 quibus
356 1513 498 1574 dodones
521 1511 694 1590 vigiliasque
714 1530 779 1574 esse
806 1511 973 1591 placuerat,
1001 1511 1066 1574 loca
1087 1512 1189 1574 distri·
1267 1515 1268 1590 ᾗ

229 1593 348 1656 buentis
368 1594 522 1658 multitudo
543 1597 650 1672 ingens
671 1613 776 1674 paoem
795 1597 981 1674 poscentium
994 1597 1123 1674 primum
1140 1614 1189 1657 se·
1267 1607 1268 1686 p

231 1678 337 1740 ditioso
351 1676 481 1742 elamore
492 1681 665 1750 contermit,
677 1679 784 1748 deinde
797 1696 903 1741 vocare
913 1686 1057 1750 senatum,
1072 1678 1189 1741 reterre

184 1773 213 1828 10
231 1763 268 1825 de
286 1761 390 1840 legalis
411 1763 448 1823 ad
469 1763 520 1826 Gn.
537 1761 681 1824 Marcium
703 1761 854 1824 mittendis
872 1764 977 1840 coegit.
1008 1771 1190 1842 acceperunt

107 1911 118 1924 q
231 1845 406 1916 relationem
430 1855 545 1924 patres,
567 1856 723 1925 postquam
746 1847 884 1926 apparuit
897 1844 998 1907 labare
1012 1844 1109 1925 plebis
1123 1846 1189 1906 ani-

114 1927 142 2010 'ig
204 1997 209 2012 ,
230 1946 312 1999 mos;
333 1930 475 2008 missique
496 1929 534 1992 de
555 1947 629 2008 pace
647 1930 684 1990 ad
706 1928 850 1991 Marcium
866 1936 1009 1991 oratores.
1039 1937 1124 1991 atrox
1139 1946 1189 1990 re·

141 2011 212 2084 ‘³le
232 2031 374 2093 sponsum
396 2012 577 2086 retuderunt:
604 2015 630 2074 si
653 2011 765 2074 Volscis
786 2029 858 2091 ager
882 2012 1075 2084 redderetur,
1100 2031 1189 2092 posse
1267 2001 1268 2088 l

232 2100 280 2176 agi
295 2096 332 2159 de
344 2114 435 2174 paoe;
459 2099 484 2158 si
497 2096 608 2175 praeda
621 2095 694 2158 belli
708 2113 763 2174 per
779 2098 871 2158 otium
885 2097 945 2158 tnui
956 2095 1061 2167 velint,
1076 2114 1189 2158 merno-
1267 2099 1268 2114 ¹

232 2198 297 2244 rem
310 2199 344 2242 se
358 2189 389 2241 et
402 2181 509 2241 civium
519 2180 646 2241 iniuriae
658 2186 688 2240 et
697 2178 847 2258 hospitum
857 2178 997 2242 beneficii
1008 2180 1187 2249 adnisurum,
1267 2257 1268 2260 Ἴ

233 2273 265 2324 ut
280 2271 422 2342 appareat
439 2259 527 2322 exilio
544 2259 602 2324 sibi
617 2263 762 2335 inritatos,
778 2280 839 2324 non
855 2263 966 2325 fractos
977 2265 1097 2324 ,animos
1112 2280 1188 2324 esse.

82 2363 87 2374 ·
184 2361 216 2412 12
232 2349 342 2409 iterum
357 2344 465 2407 deinde
485 2344 564 2406 idem
586 2347 669 2406 missi
682 2362 743 2406 non
760 2347 945 2425 recipiuntur
961 2348 994 2408 in
1009 2355 1112 2408 castra.
1142 2364 1188 2406 sa·

233 2429 368 2493 cerdotes
386 2444 514 2506 qnoque,
529 2430 591 2490 suis
601 2426 767 2506 insignibus
778 2428 899 2498 velatos,
914 2431 973 2490 isse
989 2427 1138 2506 supplices
1151 2427 1189 2488 ad

233 2521 327 2574 castra
347 2511 478 2574 hostium
500 2512 639 2574 traditum
661 2519 720 2579 est;
745 2509 838 2571 nihilo
859 2511 953 2588 magis
970 2527 1057 2588 quam
1076 2509 1189 2588 legatos
1267 2583 1268 2590 ἶ

233 2597 349 2659 licuisse
364 2598 505 2658 animum.

201 2689 213 2734 r
295 2679 354 2741 llL.
387 2679 463 2740 'lum
484 2687 635 2740 nrancnae
656 2679 692 2738 ad
707 2676 871 2748 Veturiam,
890 2685 1015 2740 matrem
1030 2676 1187 2750 Coriolani,
1267 2697 1268 2746 l

233 2762 477 2840 Volumniamque
500 2778 625 2824 uxorem
646 2761 819 2838 frequentes
840 2768 956 2824 coeunt
986 2761 1017 2821 id
1037 2757 1188 2839 publicana
1267 2797 1268 2802 κ

199 2853 216 2902 n
234 2845 390 2908 consilium
407 2862 445 2906 an
460 2843 615 2906 muliebris
630 2846 719 2906 timor
734 2844 835 2916 fuerit,
852 2861 958 2923 parum
969 2843 1103 2911 invenio:
1118 2859 1188 2921 per·

233 2931 332 2991 vicere
350 2935 441 2999 certe,
457 2935 490 2989 ut
504 2937 535 2989 et
548 2927 667 2989 Vemria
678 2945 786 3005 magno
797 2935 869 2990 natu
877 2925 984 2990 mulier
995 2925 1187 2989 ctllolumnia

154 3045 157 3050 ·
234 3013 309 3074 duos
319 3029 426 3092 parvos
437 3030 473 3074 ex
484 3012 598 3073 biarcio
611 3012 712 3074 ferens
725 3011 801 3073 tilios
812 3029 913 3074 secum
921 3009 1186 3072 incastrahostium

234 3101 327 3170 nent,
345 3105 389 3168 et,
409 3097 548 3174 quoniam
567 3096 658 3156 arnris
674 3097 730 3156 viri
746 3095 906 3158 defendere
922 3093 1029 3156 urbem
1044 3110 1105 3155 non
1121 3110 1186 3172 pos·

200 3191 217 3244 3
236 3181 478 3250 adamatores
493 3177 634 3259 precibus
653 3177 843 3258 lacrimisque
856 3177 1059 3240 defenderent.
1089 3176 1141 3238 ubi
1153 3177 1187 3236 ad

237 3271 332 3324 castra
357 3273 477 3326 ventum
497 3271 557 3334 est,
588 3262 813 3341 nuntiatumque
834 3260 991 3325 Coriolano
1016 3269 1061 3322 cst
1087 3260 1188 3322 adesse

236 3349 342 3424 ingens
363 3347 521 3410 mulierum
536 3363 658 3424 agmen,
676 3343 736 3429 [in]
752 3348 865 3427 primo,
887 3345 986 3422 utqui
1001 3362 1057 3405 nec
1073 3341 1187 3422 publica

237 3429 388 3492 maiestate
404 3431 435 3490 in
448 3427 553 3508 legetis
566 3447 624 3490 nec
638 3430 669 3489 in
684 3429 888 3494 sacerdotibus
897 3437 977 3490 tanta
992 3427 1084 3490 oiirrsa
1098 3425 1189 3489 oculis
