2572 3956
298 236 303 246 ’
325 235 420 292 nisus
436 236 470 278 11.
497 233 568 278 nnn.
584 227 628 282 45.
641 227 686 282 46.
718 215 756 300 [a.
774 221 808 279 0.
824 216 885 300 480]
1026 226 1088 288 107

128 380 348 449 oeuloeuutur„
365 395 499 460 pugnare·
510 382 681 462 sapiebant,
705 385 758 467 sed
776 391 858 446 retro
877 386 1042 448 revocanda
1057 396 1087 450 et

129 465 267 530 abdenda
283 467 431 545 cupiditas
447 474 531 535 eret.
545 473 578 528 ut
591 467 773 528 adversando
787 469 1026 547 remorandoque
1039 472 1085 532 in·

129 552 224 612 citato
235 548 329 614 semel
340 547 427 612 militi
437 549 580 614 adderem
592 551 746 630 impeturn.
762 551 897 612 redditur
910 569 1085 632 responsum
1101 575 1120 626 s

129 635 310 698 minuerem
330 634 477 710 ramagi,
506 633 638 696 nondum
661 634 783 714 tenpus·
798 651 915 714 pugnae
942 653 1022 706 esse;
1046 667 1082 684 -

128 717 238 781 eastris
258 735 291 784 se
310 723 455 784 tenerent
487 717 606 780 edicunt
629 718 713 786 inde,
736 727 770 778 ut
784 716 950 781 abstineant
966 737 1084 799 pugna3

129 801 238 877 siquis
256 800 371 864 iniussu
386 802 575 880 pugnaverit,
596 807 629 862 ut
643 803 674 862 in
691 801 807 870 instem
819 803 1084 866 arimadversuros.

129 885 172 944 ita
187 883 330 955 dumos,
356 885 533 962 queminus
555 883 692 948 eonsuies
715 884 793 946 reiis
811 885 953 958 aretium,
979 890 1120 954 cresens

128 967 221 1028 ardor
235 967 396 1045 papatui.
420 969 723 1048 aeeendunttnsper
731 968 832 1032 hostes
841 969 972 1032 ieroeius
983 969 1084 1043 mutto,

128 1057 165 1110 ut
183 1051 320 1120 statuisse
334 1066 397 1114 non
415 1069 550 1131 pugnare
565 1053 703 1115 eonndes
723 1055 875 1132 cognitam
893 1060 952 1117 est:
975 1055 1084 1134 qoippe
1103 1071 1136 1122 10

123 1135 244 1212 inpune
257 1153 290 1198 se
301 1133 508 1207 insultaturos,
522 1155 585 1198 non
601 1137 684 1200 arodi
702 1136 788 1198 mutu
801 1143 897 1210 arms
909 1155 975 1201 rem
990 1139 1026 1200 ad
1040 1138 1085 1200 ul·

129 1218 236 1278 Qum
256 1217 409 1282 seditionis
429 1226 616 1299 erupturam,
646 1222 799 1299 tinemtpie
816 1224 932 1287 venisse
951 1223 1084 1284 Romano

128 1303 267 1380 irnperio.
282 1301 331 1365 nis
341 1303 411 1366 freti
422 1314 579 1366 naeusant
588 1306 693 1384 portis,
706 1305 847 1383 irrgorunt
859 1305 980 1385 probra,
998 1323 1085 1384 aegre

15 1415 24 1425 ·
128 1383 294 1457 abstinent,
317 1387 388 1464 quin
408 1395 508 1450 eastre
526 1395 707 1468 oppugnent.
752 1391 904 1451 enimvero
923 1405 985 1450 nos
1009 1389 1086 1451 intra
1105 1403 1136 1454 11

129 1467 341 1533 contumetiam
361 1473 423 1551 pati
445 1471 595 1535 Rornanus
614 1479 718 1551 posset
744 1474 814 1535 totis
833 1475 937 1536 castris
955 1474 1087 1552 undique

129 1553 172 1616 ad
192 1551 330 1622 romulee
344 1557 483 1621 sarritur.
514 1573 576 1616 non
590 1558 651 1618 ianr
664 1557 783 1627 sensim,
801 1564 835 1617 ut
847 1565 930 1628 ente,
945 1575 1000 1636 per
1016 1575 1086 1620 cen·

130 1637 284 1704 turianum
302 1639 454 1717 prinsipes
468 1637 638 1718 portuens·
656 1640 709 1702 sed
729 1641 840 1720 passim
856 1658 959 1702 omnes
976 1640 1085 1702 clamo·

130 1718 219 1782 ribus
238 1728 336 1798 agunt
364 1729 479 1786 nature
493 1741 544 1785 res
561 1731 634 1794 erat,
646 1725 880 1801 tergiversantur
892 1731 1000 1786 tomen.
1031 1725 1086 1785 Fa·
1106 1739 1138 1790 12

129 1801 200 1864 hius
214 1803 333 1875 de'arde„
346 1805 383 1866 ad
397 1813 581 1870 oroseenten'n
594 1806 751 1868 trumuitum
765 1805 825 1868 iarn
839 1813 920 1868 metu
934 1808 1086 1868 seditionis

1 1925 11 1940 ιῚ
131 1885 246 1965 collega
262 1889 453 1960 eoncedente,
471 1905 539 1951 oum
551 1890 699 1952 standum
716 1889 843 1952 elassieo
855 1890 988 1952 fecisset:
1010 1908 1085 1968 „ego

129 1973 215 2042 istos,
233 1971 284 2038 ta.
300 1971 403 2044 naui,
425 1983 513 2052 posse
526 1975 645 2036 vincere
659 1975 739 2043 seio;
760 1972 838 2035 veile
852 1991 891 2035 ue
906 1975 1015 2035 scirem
1029 1975 1087 2051 ipsi

131 2054 275 2118 seeum
319 2058 420 2134 itaque
444 2063 558 2120 eerurrn
583 2065 671 2135 atque
699 2058 851 2120 deeretrm
875 2063 919 2118 est
938 2072 998 2118 non
1016 2057 1087 2118 dure
1106 2069 1138 2122 1³

131 2140 265 2216 signum,
283 2139 341 2202 nisi
362 2141 489 2202 uiatores
504 2159 544 2202 se
563 2141 712 2202 redituros
736 2157 772 2203 er
790 2141 847 2203 irae
862 2157 961 2220 pugne
977 2143 1085 2201 iurant.

131 2220 286 2284 conedam
307 2222 472 2287 Romanum
496 2223 582 2285 miles
606 2220 697 2286 semel
722 2225 755 2281 in
785 2227 848 2285 soie
873 2223 992 2294 fefellit,
1016 2223 1087 2286 deos

130 2321 295 2386 numquam
316 2306 427 2370 Μὴν*
456 2309 590 2368 neuterio
615 2312 678 2368 erat
700 2305 738 2366 Μ.
755 2303 919 2369 Flauoleius
932 2311 1010 2370 inter·
1026 2310 1087 2386 pri·

130 2407 232 2450 mores
246 2406 362 2468 pugnas
376 2391 530 2468 flagitator.
554 2390 687 2460 „viet0r“
701 2390 806 2465 inquit
823 2389 881 2458 ,,Μ.
895 2389 976 2458 Fabi,
988 2407 1087 2450 rever·

130 2479 179 2532 tar
196 2488 232 2535 es
246 2476 342 2531 aele.“
369 2476 398 2534 si'
415 2472 511 2540 tollat,
532 2473 631 2533 iovem
647 2479 762 2550 patrem
776 2471 993 2550 Gradiuumque
1009 2473 1086 2532 nar·
1106 2481 1137 2532 lt

131 2561 193 2615 tem
213 2552 345 2632 aliosque
365 2556 456 2614 iratos
476 2556 594 2614 invocat
614 2555 694 2616 deos.
728 2554 809 2616 idem
829 2554 969 2634 deinceps
991 2556 1087 2615 omnis

132 2637 281 2700 exercituo
294 2639 327 2698 in
343 2656 375 2700 se
390 2639 515 2715 quisqm
529 2639 615 2698 iurat.
644 2639 748 2700 iuratis
762 2638 848 2698 datur
859 2639 984 2716 signum.
1005 2655 1087 2697 arma

131 2722 271 2798 rapiens
289 2728 360 2784 eunt
375 2723 406 2782 in
428 2737 559 2800 pugnarn
576 2722 689 2782 irarum
705 2723 828 2800 speique
842 2721 932 2800 pieni.
949 2738 1029 2782 nuno
1041 2723 1086 2781 iu·
1106 2738 1138 2788 15

131 2803 206 2866 beni
219 2804 360 2868 Etruscos
380 2804 491 2884 molera
512 2806 624 2874 iacere,
645 2823 725 2866 neruo
745 2807 864 2867 armatis
886 2804 943 2867 sihi
962 2807 1087 2883 quisque

132 2887 234 2965 lingua
255 2897 425 2968 promptum
446 2889 561 2950 hortem
582 2889 692 2951 offerri.
723 2891 855 2950 omnw'rn
876 2889 928 2952 illo
941 2889 1005 2960 die,
1029 2906 1086 2966 qua
1105 2905 1139 2957 16

132 2970 232 3051 plebis
253 2990 311 3050 qua
327 2981 460 3052 patrum,
484 2975 588 3034 eximia
613 2975 704 3034 virius
724 2974 793 3034 fuit:
822 2971 945 3034 Fabium
966 2989 1084 3042 nomen,
1142 2977 1146 2982 ’

131 3054 223 3117 Fabia
247 3073 320 3134 gens
342 3059 469 3120 noanon
494 3058 604 3119 enituit.
639 3055 738 3118 multis
761 3055 894 3118 unibus
919 3055 1086 3118 certamini·
1143 3113 1146 3118 .

132 3138 189 3202 bus
210 3141 344 3216 intensos
368 3141 465 3221 plebis
483 3142 596 3202 animos
621 3139 668 3200 illa
691 3157 790 3218 pugna
815 3138 873 3200 sibi
892 3137 1086 3201 reconciliare

132 3230 272 3287 statuunt.
829 3228 836 3239 '

196 3308 294 3370 XLVI.
314 3309 470 3372 Instruitur
484 3310 571 3377 acies
588 3325 645 3367 nee
660 3307 769 3369 Veiens
781 3306 876 3368 hostis
886 3307 1085 3382 Etruscaeque
1106 3316 1118 3369 t

133 3389 268 3470 legiones
288 3392 460 3455 detrectent.
487 3409 582 3472 prope
603 3397 683 3452 certa
698 3409 766 3471 spes
781 3399 844 3452 erat
856 3408 917 3451 nou
932 3391 1024 3468 magis
1039 3405 1086 3452 se·
1163 3418 1166 3424 ·

134 3492 204 3538 oum
220 3485 401 3555 pugnaturos
415 3494 503 3556 quarn
520 3477 681 3555 pugnarint
693 3493 760 3536 eum
772 3477 895 3553 Aequis;
909 3475 1003 3536 maius
1013 3489 1087 3550 quo·
