2580 3954
213 171 216 176 ·
262 161 356 203 brnen
372 160 415 203 rr.
443 159 513 202 cur.
528 151 573 205 55.
587 149 631 206 56.
659 141 699 219 [a.
716 141 750 201 Ο.
766 151 826 206 too.
845 140 906 224 408]
1009 147 1074 212 tta

113 308 249 371 tionibus
263 309 329 369 data
344 324 423 368 nunc
439 307 595 368 detinenda
616 323 696 368 nnnc
718 307 879 369 concienda
893 308 986 387 plebs.
1017 327 1073 373 nec
1090 321 1110 372 t

17 437 18 446 ι
114 393 259 454 dilectum
273 388 409 451 consules
423 407 479 452 nec
494 391 627 461 comitia,
643 407 718 467 quae
729 389 882 468 petebant,
897 390 1009 452 tribuni
1023 413 1073 455 ex·

113 475 284 556 pediebant.
317 471 477 536 inclinante
492 473 598 536 deinde
616 492 649 537 se
663 473 781 534 fortuna
795 474 833 535 ad
844 492 962 536 causam
978 474 1074 555 plebis

113 561 214 620 nuntii
235 559 356 619 veniunt
374 573 474 618 arcem
492 557 705 619 Carventanam
728 555 849 635 dilapsis
874 555 911 619 ad
934 559 1075 636 praedam

113 641 274 712 militibus,
299 641 350 718 qui
365 641 397 700 in
411 640 558 718 praesidio
574 649 671 710 erant,
693 640 810 718 Aequos
824 642 987 702 interiectis
1001 660 1073 721 pau·

114 729 160 787 cis
173 723 343 788 custodibus
359 724 436 785 arcis
450 725 607 801 invasisse;
631 723 704 786 alios
718 732 908 786 recurrentes
923 727 955 786 in
974 743 1075 788 arcem

114 808 191 872 alies
205 807 337 888 palantes
351 809 383 868 in
397 809 476 885 agris
491 825 601 870 caesos.
631 827 665 870 ea
686 807 808 870 adversa
824 809 947 870 civitatis
965 826 1016 871 res
1032 811 1073 870 vi·
1091 827 1111 878 e

113 911 165 954 res
183 891 358 954 tribuniciae
374 892 483 952 actioni
497 890 611 954 adiecit.
642 892 822 969 nequiquam
838 893 917 953 euim
930 896 1073 971 temptati,

114 984 147 1037 ut
171 985 235 1037 tum
256 976 384 1052 denique
405 975 581 1037 desisterent
602 974 781 1054 inpediendo
802 973 898 1045 bello,
918 982 1075 1054 postquam

113 1077 176 1120 non
198 1078 315 1122 cessere
336 1076 393 1120 nec
418 1056 555 1137 publicae
574 1059 742 1137 tempestati
762 1075 818 1119 nec
843 1076 914 1120 suae
936 1059 1072 1132 invidiae,

113 1145 304 1221 pervincunt,
325 1149 359 1202 ut
371 1148 490 1203 senatus
504 1140 669 1202 consultum
683 1141 734 1200 fiat
749 1140 785 1202 dc
802 1139 930 1202 tribunis
949 1141 1075 1204 militnm

114 1225 269 1294 creandis,
292 1231 373 1286 certo
396 1230 494 1285 tamen
514 1231 617 1302 pacto,
646 1240 685 1285 ne
705 1224 789 1284 cuins
808 1225 884 1284 ratio
903 1222 1073 1297 haberetur,
1092 1239 1130 1301 ox

114 1309 167 1385 qui
181 1325 216 1368 eo
230 1325 308 1368 anno
328 1305 465 1368 tribunus
485 1305 580 1385 plebis
603 1315 695 1376 esset,
717 1323 791 1367 neve
813 1307 878 1383 quis
900 1308 1074 1370 reficeretur

113 1394 146 1451 in
168 1408 278 1452 annum
300 1388 566 1468 tribunusplebis,
588 1388 778 1451 hauddubie
799 1389 898 1452 leilios
918 1390 1110 1455 denotante?

113 1481 235 1545 senatu,
253 1491 327 1553 quos
342 1472 511 1535 mercedem
524 1473 655 1538 seditiosi
672 1471 839 1536 tribunatus
852 1480 955 1553 petere
966 1493 1074 1536 consu-

113 1557 205 1618 latum
211 1556 429 1620 insimulabant.
445 1564 509 1617 turn
519 1556 753 1619 dilectushaberi
763 1555 934 1636 bellumque
941 1560 1074 1620 omniurn

114 1641 252 1702 ordinum
268 1657 415 1703 consensu
430 1642 568 1719 apparari
580 1648 726 1720 coeptum.
754 1638 892 1701 consules
903 1640 990 1702 ambo
1002 1659 1073 1720 pro·
1091 1655 1111 1706 o

114 1725 184 1786 lecti
200 1725 258 1784 sint
272 1725 312 1785 ad
325 1741 426 1784 arcem
443 1723 669 1794 Carventanam,
690 1740 728 1783 an
744 1721 869 1784 altered
887 1725 1005 1784 comitia
1020 1724 1072 1785 ha·

113 1805 211 1868 benda
232 1806 409 1874 substiterit,
431 1808 578 1874 incertum
592 1806 701 1866 diversi
720 1813 856 1866 auctores
871 1806 998 1867 faciunt:
1023 1807 1073 1869 illa

114 1907 169 1968 pro
192 1895 273 1950 certo
293 1887 443 1957 habenda,
465 1889 497 1947 in
523 1887 631 1965 quibus
652 1905 714 1949 non
728 1887 919 1959 dissentiunt,
943 1887 980 1949 ab
1003 1908 1073 1952 arce

115 1967 308 2041 Carventana,
327 1988 395 2031 cum
410 1970 461 2031 diu
476 1972 656 2048 nequiquam
670 1977 840 2050 oppugnata
859 1979 951 2041 esset,
972 1989 1073 2034 reces-

51 2112 55 2117 .
114 2073 193 2126 sum,
216 2055 411 2132 Verruginem
436 2055 467 2114 in
487 2053 600 2115 Volscis
621 2053 727 2114 eodem
753 2055 886 2115 exercitu
911 2064 1071 2134 receptam,

114 2137 376 2217 populationesque
392 2143 421 2197 et
434 2138 559 2215 praedas
575 2139 647 2199 etin
662 2138 771 2213 Aequis
786 2145 816 2198 et
832 2138 863 2196 in
878 2137 984 2199 Volsco
1000 2156 1073 2216 agro

114 2224 246 2300 ingentes
263 2221 364 2281 lactas.

173 2304 242 2367 Lvi.
273 2304 385 2366 Romae
399 2305 476 2365 sicut
488 2303 586 2383 plebis
599 2306 721 2365 victoria
742 2305 797 2364 iuit
815 2307 847 2365 in
868 2323 920 2376 eo,
942 2315 975 2366 ut
995 2311 1105 2385 quaet

113 2387 234 2450 mallent
256 2389 372 2448 comitia
394 2387 554 2458 haberent,
581 2389 620 2447 ita
639 2395 744 2449 eventu
767 2389 1071 2468 comitiorumpatres

115 2473 243 2532 evicere:
265 2486 393 2546 namque
406 2469 519 2529 tribuni
532 2469 658 2530 militurn
672 2467 821 2530 consudari
840 2477 984 2548 potestate
999 2490 1070 2532 con·
1088 2481 1108 2528 2

17 2577 19 2628 q
113 2562 159 2614 tra
173 2570 256 2631 spem
272 2553 405 2612 omnium
418 2560 479 2612 tres
491 2554 609 2629 patricii
624 2554 717 2614 creati
733 2559 816 2622 sunt,
836 2553 866 2614 C.
884 2553 976 2616 Iulius
989 2552 1070 2617 Iulus

17 2629 19 2706 l
113 2637 145 2698 P.
163 2635 316 2698 Cornelius
330 2635 437 2697 Cossus
451 2635 482 2696 d
503 2634 645 2697 Servilius
659 2635 760 2696 Ahala.
791 2642 886 2696 artem
907 2636 1107 2698 adbibitamt

17 2711 19 2738 '
113 2721 212 2782 lerunt
225 2737 242 2780 a
257 2721 407 2798 patriciis,
430 2719 514 2780 cuius
537 2737 587 2780 eos
610 2718 684 2796 Icilii
705 2726 769 2780 tum
784 2735 902 2796 queque
917 2720 1069 2782 insimtda-

17 2835 18 2872 3
113 2803 197 2872 bant,
226 2804 305 2880 quod
329 2801 448 2864 turbam
473 2802 663 2881 indignorum
690 2803 914 2866 candidatorum
936 2805 1070 2866 intermi-

113 2885 220 2949 scendo
236 2887 331 2964 dignis
344 2886 441 2948 taedio
457 2887 637 2948 sordiumin
652 2886 828 2964 quibusdam
842 2888 1002 2964 insignium
1015 2905 1070 2966 po·

17 2955 19 3044 l
113 2969 214 3049 pulum
231 2968 267 3030 ab
283 2969 398 3047 plebeis
412 2972 595 3032 evenissent.
609 3003 644 3016 -
659 2970 779 3032 Volscos
791 2970 898 3031 deinde
911 2977 941 3032 et
951 2970 1070 3048 Aequos
1087 2983 1104 3030 4

17 3047 19 3104 l
114 3071 165 3115 sen
180 3053 361 3114 Carventana
382 3071 434 3113 arx
452 3061 566 3116 retenta
589 3055 622 3114 in
636 3071 720 3132 spem
735 3071 787 3114 seu
802 3054 966 3130 Verrugine
981 3056 1069 3116 amis·

113 3154 176 3198 snm
196 3135 378 3216 praesidium
398 3135 530 3197 adirem
554 3154 622 3198 cum
643 3136 812 3216 inpulisset,
838 3137 916 3196 fama
937 3135 1069 3198 adierntr

113 3238 223 3280 summa
238 3220 266 3278 vi
287 3219 324 3279 ad
338 3217 450 3279 bellum
465 3227 597 3291 coenos,
623 3227 711 3298 caput
731 3237 832 3280 rerum
846 3219 977 3280 Antiates
992 3239 1066 3293 esse,
1085 3230 1104 3281 t

114 3320 214 3363 eorum
227 3301 340 3380 legatos
354 3303 508 3380 utriusque
529 3304 625 3380 gentis
645 3301 772 3381 populos
795 3303 966 3362 circumisse
982 3306 1068 3364 casti·
1119 3301 1122 3306 ’

17 3425 20 3524 1
113 3393 212 3462 gentes
226 3388 472 3462 discrepantesque
486 3386 646 3463 ignaviam,
669 3385 748 3463 quod
764 3383 855 3446 abditi
872 3385 950 3448 intra
965 3404 1069 3448 muros
