2522 3954
249 773 313 842 DE
333 773 426 847 TITI
447 774 561 848 LIVII
581 773 691 845 VITA
709 772 768 842 ΕΤ
790 771 999 846 SCRIPTIS.

204 935 281 998 'litus
294 935 393 1000 Liuius,
409 934 473 996 dum
486 935 514 992 in
529 935 612 998 rebus
627 933 723 1010 populi
737 933 849 995 Romani
864 933 1062 1010 perscribendis
1077 944 1104 993 et

145 1019 271 1077 ornandis
289 1036 367 1080 omne
382 1018 500 1076 studium
511 1037 591 1078 snum
605 1017 729 1083 collocat,
745 1035 799 1099 quo
815 1025 873 1076 erat
889 1017 993 1093 pudore
1006 1029 1034 1078 et
1047 1036 1105 1080 mo-

144 1102 249 1166 lestia,
265 1102 299 1160 de
320 1120 350 1162 se
365 1095 457 1180 ipso¹l
479 1103 641 1182 paucissima
657 1102 761 1168 iniecit.
777 1101 935 1178 pariterque
950 1104 1021 1178 apud
1036 1103 1104 1162 alios

143 1193 254 1244 autores
274 1193 379 1244 veteres
401 1204 462 1244 rara
483 1195 511 1244 et
525 1203 618 1248 manca
638 1193 680 1246 eat
695 1186 753 1244 eius
768 1185 912 1252 memoria.
929 1203 1012 1260 qnare
1026 1187 1104 1264 plura

142 1270 374 1330 arerentiorihus
381 1265 420 1346 ²),
435 1288 470 1334 ne
492 1271 562 1330 tanti
587 1269 730 1346 scriptoris
748 1270 803 1328 vita
823 1270 852 1326 in
877 1268 993 1327 ohscuro
1024 1281 1100 1340 esset,

142 1352 258 1411 conficta
281 1361 309 1410 et
335 1360 472 1426 umquam
494 1370 572 1413 verae
599 1361 689 1413 essent
711 1351 772 1410 fidei
795 1369 810 1410 a
832 1351 970 1427 plerisque
991 1355 1102 1430 proheta

142 1443 216 1493 sunt.
251 1435 376 1496 Ceterum
392 1435 510 1493 dubitari
527 1452 582 1494 non
598 1443 705 1514 potest„
722 1435 787 1510 quin
800 1435 901 1497 Patavii
916 1444 995 1496 natus
1011 1439 1093 1498 sithi

142 1520 202 1576 vius
224 1527 251 1576 et
266 1520 382 1594 Augusti
408 1527 496 1580 aetate
511 1519 643 1581 floruerit.
673 1519 706 1576 Et
726 1517 793 1578 illud
810 1520 916 1594 quidem
931 1521 1102 1582 confirmatur

144 1603 301 1660 testimonio
315 1601 444 1662 Martialis
459 1610 564 1679 poetae,
582 1604 628 1678 qui
645 1603 834 1679 Epigrammat.
851 1603 869 1668 l.
885 1611 928 1668 fit,
941 1611 972 1668 3:
995 1625 1103 1670 ..conse

214 1766 240 1830 1)
259 1769 309 1820 liv.
321 1769 343 1826 1,
357 1765 396 1826 19,
409 1767 437 1826 3;
455 1767 498 1825 tv,
510 1765 550 1826 20,
563 1767 592 1826 7;
610 1769 708 1826 xxviii,
722 1766 815 1824 1212.

212 1835 238 1898 2)
256 1835 299 1885 llis
316 1835 503 1886 adnumerandus
526 1842 561 1884 est
582 1842 649 1886 antor
665 1836 727 1884 vitae
744 1836 805 1886 hirti
822 1844 875 1900 post
896 1853 934 1888 an.
953 1837 1105 1890 dccccxlii

143 1904 301 1968 conscriptae.
314 1917 374 1967 qnae
385 1901 414 1952 ab
424 1901 527 1952 Hearaio
540 1903 565 1952 in
577 1901 792 1952 eodieaOroniensl
804 1904 897 1954 inventa
910 1911 933 1953 et
945 1905 994 1954 eins
1007 1904 1105 1954 editioni

142 1970 205 2020 Ltvii
222 1970 291 2024 rohl
308 1969 398 2022 inserta
415 1975 458 2022 est
482 1969 552 2018 Plura
569 1969 639 2020 etiarn
655 1975 801 2020 commentus
818 1977 853 2020 est
867 1969 967 2020 lacobus
984 1970 1105 2033 Phiiippus

142 2036 291 2092 Tomaoinns
303 2036 428 2100 episeopus
439 2033 609 2091 hanoniensis,
620 2034 646 2084 in
657 2033 727 2091 libro,
739 2034 778 2094 cui
791 2035 856 2088 Titus
867 2036 947 2088 lirina
959 2037 1104 2093 inscribitur.

142 2103 232 2152 Patavii
247 2098 312 2152 1630
324 2101 395 2158 edito,
414 2099 500 2152 deinde
512 2101 606 2164 saepius
617 2101 725 2164 repetito,
737 2107 855 2164 postremo
868 2103 892 2155 in
905 2103 1033 2154 editionem
1044 2105 1103 2154 Dra.

143 2168 285 2220 kenhorchii
297 2165 424 2229 stuttgard.
437 2167 484 2216 rol.
495 2165 541 2224 XV,
556 2165 577 2224 1,
590 2163 607 2216 8
618 2181 670 2231 sqq.
683 2174 786 2232 recepto.
823 2168 894 2218 Cnins
911 2171 1035 2236 opiniones
1051 2184 1104 2220 cum

142 2237 211 2287 malti
223 2235 375 2300 probassent,
391 2241 445 2298 post
454 2233 505 2283 loh.
519 2233 589 2285 Gerh.
608 2233 715 2284 Tosaium
727 2235 752 2284 in
764 2241 865 2285 tractata
876 2235 906 2286 de
917 2236 1039 2288 historicis
1050 2237 1105 2287 lati·

142 2305 182 2354 nis
192 2303 213 2361 1,
226 2300 258 2354 la
275 2301 408 2356 Crevierins
417 2301 517 2365 paucula
534 2315 594 2364 qaae
610 2308 674 2354 certa
685 2309 739 2355 anat
751 2301 779 2352 de
791 2302 853 2354 hirii
864 2304 911 2354 rita
923 2304 1003 2354 sohrio
1014 2304 1104 2355 indicio
1158 2307 1171 2318 '

144 2371 251 2434 exposuit
262 2369 287 2420 in
299 2368 445 2434 praelatione
455 2367 565 2430 pithonis
576 2369 703 2421 etmaloris
715 2375 737 2420 et
748 2369 856 2422 minoris.
873 2371 1105 2424 acematiuedetnde

143 2451 196 2490 rem
207 2437 315 2490 metavit
331 2436 403 2486 Gottl.
417 2433 489 2498 Ephr.
502 2435 585 2485 Miller
601 2435 858 2489 historisehdrritisohe
870 2437 1003 2498 Einlcitung
1021 2452 1049 2487 zu
1061 2443 1104 2492 no·

144 2505 222 2565 thiger
229 2527 258 2539 -
265 2503 392 2554 llonmniss
403 2501 447 2551 der
458 2503 520 2552 alten
531 2503 572 2552 lat.
579 2502 755 2559 Schrtnseltea
767 2503 851 2553 hrosd.
859 2500 1101 2560 1747,νοΙ.111,87-

145 2567 195 2620 188
208 2578 230 2621 et
240 2571 268 2621 L.
281 2570 370 2620 Preller
381 2569 406 2620 ia
418 2569 465 2618 rita
476 2569 539 2619 Livii
549 2570 628 2631 Paulyi
642 2569 836 2632 eaeyolopaediae
853 2570 911 2618 reali
923 2569 1023 2626 inserta,
1041 2572 1104 2621 eins·

145 2637 468 2758 {Pnildnddfflndilds'
476 2636 568 2756 ppprelr
580 2635 999 2770 pffittptopictpppppppfflpp
1006 2637 1105 2755 tfssftdss

145 2771 251 2822 Berolini
264 2771 345 2822 edidit.
363 2771 435 2821 Paulo
446 2777 500 2834 post
512 2770 541 2819 de
552 2769 579 2820 T.
593 2771 654 2820 hirii
665 2771 712 2820 vita
724 2770 749 2822 in
761 2770 907 2837 praelatione
919 2771 1030 2826 editionis
1042 2771 1103 2823 hirii

145 2839 171 2887 in
183 2839 349 2889 collectionem
359 2837 630 2901 demptio-Sauppianam
645 2844 754 2901 receptae
769 2837 834 2900 Llps.
848 2833 926 2894 loo&
944 2837 981 2887 ed.
994 2837 1024 2888 11.
1039 2835 1105 2887 1816

145 2905 260 2962 dissensi,
276 2905 404 2968 eodemque
420 2905 470 2954 lere
482 2911 586 2967 tempore
603 2905 628 2954 c.
641 2905 660 2954 1.
674 2905 760 2966 Grysar
771 2904 797 2953 ln
808 2909 878 2968 partt.
891 2905 1031 2954 selectamm
1043 2904 1103 2955 Livii

145 2973 191 3022 tol.
204 2973 224 3022 1.
242 2972 341 3023 Tlndoh.
355 2968 429 3021 1814.
453 2971 590 3035 Nuperrime
605 2971 672 3022 llart.
690 2970 759 3021 Hertz
776 2985 821 3033 quo
838 2972 898 3020 solet
909 2971 1017 3022 acumina
1028 2970 1104 3020 maai·

146 3053 229 3102 reaque
241 3039 348 3090 doctrina
360 3045 432 3090 totam
444 3051 494 3087 rem
505 3045 641 3102 persecutus
653 3043 688 3086 est
699 3038 725 3088 in
736 3037 871 3101 prolusione
882 3037 912 3087 do
923 3039 950 3088 T.
963 3036 1024 3088 Livii
1035 3039 1103 3088 Pata·

146 3107 194 3156 sini
211 3106 258 3157 rita
274 3121 304 3155 ac
321 3105 417 3169 seriptis
433 3104 479 3155 rol.
491 3105 510 3154 1.
530 3103 567 3154 ed.
584 3103 783 3155 Tanchnitzianae
797 3104 862 3168 lips.
882 3101 946 3153 1817
964 3105 1101 3168 praemissa.

146 3173 240 3222 Praeter
251 3173 296 3222 hos
307 3173 378 3223 multa
390 3171 457 3222 utilia
468 3171 594 3222 attuleruut
605 3177 628 3220 et
638 3171 676 3220 Pr.
684 3170 819 3222 Lachmann
831 3175 857 3220 in
869 3169 1103 3221 commentationibus

148 3239 176 3288 de
187 3239 292 3289 lontihns
303 3239 454 3290 historiarum
466 3238 569 3294 T.l.iril‚
581 3252 678 3300 quarum
689 3239 755 3300 prior
766 3238 889 3296 Gottingae
902 3233 975 3296 1822,
987 3238 1104 3302 posterior·

147 3305 179 3356 11.
194 3303 259 3356 1828
271 3306 333 3356 edita
347 3312 393 3363 est,
412 3311 435 3354 et
446 3305 478 3362 ii,
489 3306 529 3368 qui
541 3305 572 3354 de
582 3305 682 3355 historia
693 3305 797 3354 Romana
809 3305 965 3366 seripserunt,
983 3305 1008 3355 in
1019 3305 1104 3368 primis

147 3372 165 3421 1.
177 3373 325 3430 Perizonius,
336 3371 490 3430 Niebuhrins,
502 3371 705 3428 Waahsmuthins,
718 3371 834 3428 illumina,
846 3367 943 3432 Niseia,
963 3371 1103 3431 Schsveglcr¹

148 3439 261 3498 Brocker,
279 3441 355 3490 Lenis
367 3453 397 3488 an
411 3439 504 3502 inquiry
521 3439 571 3488 lato
589 3439 628 3486 the
646 3437 780 3499 credibility
796 3439 822 3487 ot
838 3437 878 3486 the
896 3437 960 3501 carly
971 3451 1054 3486 roman
1065 3435 1104 3484 hi·

147 3513 215 3570 story,
228 3507 326 3557 London
340 3501 414 3555 1851.
427 3507 466 3556 all.
