2580 3954
238 207 298 272 194
409 220 505 260 ιιιιιιιι
520 219 566 260 ιιι.
593 217 664 262 ear.
680 209 724 264 70.
739 208 784 265 ll.
809 194 849 282 [a.
866 220 895 258 ιι.
912 221 936 260 o.
954 198 1017 282 308]

236 370 363 440 rideret,
380 374 498 469 arrepta
515 370 597 446 signa
612 366 649 428 ab
665 367 812 446 signiferis
827 370 891 449 ipse
905 369 1032 438 inferre,
1049 370 1193 445 quaedam

188 461 217 514 tl
236 457 334 516 lacere
353 453 439 515 etiam
454 452 484 511 in
503 452 652 514 conlectos
666 452 766 514 hostes
780 455 894 532 coepit:
910 453 1022 514 culus
1013 454 1191 530 ignominiae

236 546 315 600 metu
338 537 476 598 concitati
497 535 604 596 milites
626 538 760 622 invasere
779 536 904 598 hostem.
945 538 984 596 ita
1013 546 1137 615 aequata
1157 555 1191 599 ex

236 622 317 684 omni
332 627 415 702 parte
431 620 553 680 victoria
571 626 623 680 est.
644 609 773 682 nuntius
787 627 850 680 tum
866 639 882 680 a
900 617 1037 690 Quinctio
1053 621 1132 682 teuit
1151 621 1191 681 ri·

237 714 348 768 ctorem
364 707 422 766 iarn
433 722 465 764 se
477 704 632 764 imminere
646 703 774 764 bostium
790 705 910 773 eastris,
927 702 1026 766 nolle
1019 721 1191 804 inrumpere

188 795 218 845 tt
236 796 393 866 antequam
405 788 478 848 sciet
489 785 667 848 debellatum
681 788 730 848 et
721 805 753 848 ιιι
764 788 884 849 sinistro
896 804 990 850 cornu
1003 806 1082 850 esse.
1099 789 1191 853 sliam

237 873 359 934 fudisset
380 871 495 938 hostes,
525 871 731 932 conlerret¹ad
749 890 781 932 so
808 873 906 950 signa,
932 877 966 931 ut
991 869 1078 932 simul
1098 872 1192 932 omnis

189 963 218 1015 13
237 957 382 1018 exercitus
406 954 515 1034 praeda
540 955 695 1033 potiretur.
731 956 825 1016 vietor
850 955 979 1034 Agrippa
1003 971 1071 1015 eum
1093 961 1192 1015 mutua

235 1038 430 1118 gratulatione
441 1037 478 1098 acl
490 1039 632 1098 victorem
642 1037 785 1116 collegam
797 1045 952 1117 castraque
962 1038 1092 1099 bostium
1104 1039 1192 1100 uenit.

235 1123 276 1185 ibi
290 1124 392 1203 paucis
404 1121 630 1184 defendentibus
642 1129 850 1202 momentoque
867 1123 940 1184 lusis
955 1123 1020 1183 sine
1031 1123 1194 1183 certamine

235 1211 266 1269 in
288 1208 467 1268 munitiones
491 1207 677 1285 inrumpunt,
707 1205 874 1285 praedaque
902 1207 1014 1284 ingenti
1037 1205 1193 1284 conpotem

236 1293 398 1354 exercitum
412 1291 474 1354 suis
492 1291 579 1352 etiam
594 1288 684 1350 rebus
699 1292 896 1369 recuperatis,
914 1307 989 1368 quae
1002 1287 1192 1368 populatione

99 1421 102 1442 .
189 1378 221 1429 ll
236 1392 375 1454 agrorum
389 1375 513 1436 amissae
528 1379 626 1444 erant,
654 1373 810 1434 reducunt
839 1373 1021 1472 triumphum
1043 1390 1098 1434 nec
1113 1373 1193 1451 ipsos

236 1457 399 1540 postulasse
414 1475 470 1519 nec
484 1456 646 1518 delatum·
627 1475 663 1518 us
677 1455 714 1516 ab
729 1465 832 1519 senatu
848 1459 978 1537 aecipio;
999 1475 1054 1518 nee
1068 1456 1192 1516 traditur

189 1548 218 1599 15
238 1561 324 1603 causa
336 1541 428 1621 spreti
438 1547 489 1602 aut
498 1557 559 1600 nou
570 1541 680 1618 sperati
690 1539 821 1602 honoris.
846 1559 900 1619 ego
913 1541 1077 1618 wantum
1069 1558 1100 1600 ιιι
1112 1546 1194 1600 tanto

238 1623 390 1688 intervallo
412 1631 579 1703 temporum
600 1625 729 1692 conicio,
752 1641 820 1685 cum
835 1624 951 1686 Valerio
970 1632 1057 1702 algere
1073 1623 1194 1684 lloratio

239 1707 425 1778 consulibus,
449 1709 500 1787 qui
523 1715 640 1787 praeter
661 1707 781 1769 Volscos
803 1715 832 1770 et
848 1708 965 1787 Aequos
987 1707 1089 1768 Sabini
1106 1708 1194 1768 etiam

237 1791 308 1855 belli
334 1792 460 1872 perlecti
491 1789 615 1870 gloriam
646 1799 839 1871 pepererant,
868 1799 991 1870 negatus
1022 1790 1058 1852 ab
1089 1797 1193 1852 senatu

238 1877 405 1956 triumphus
417 1882 509 1946 esset,
525 1876 719 1938 verecundiae
732 1875 786 1938 luit
797 1894 853 1955 pro
866 1882 951 1955 parte
962 1875 1079 1937 dimidia
1092 1892 1194 1948 rerum

239 1960 408 2024 consulibus
424 1966 525 2040 petere
540 1959 738 2039 triumphurn,
759 1977 812 2027 ne,
830 1961 917 2022 etiam
934 1961 959 2020 si
974 1961 1193 2038 impetrassent,

238 2047 330 2124 magis
344 2044 498 2106 bominum
519 2044 595 2104 ratio
616 2061 703 2122 quam
722 2045 896 2104 meritorum
917 2042 1015 2103 habita
1033 2042 1193 2103 videretur.

204 2124 216 2177 l
298 2127 395 2190 LXXI.
428 2129 587 2189 Victoriam
601 2127 754 2188 honestam
773 2145 807 2188 ex
825 2126 959 2188 hostibus
977 2135 1091 2206 partam
1106 2133 1195 2204 turpe

236 2213 316 2274 domi
336 2212 373 2274 de
402 2210 509 2272 tinibus
533 2212 683 2272 sociorum
710 2211 852 2272 iudicium
880 2209 983 2290 populi
1011 2210 1192 2272 deformavit.

201 2297 217 2344 ²
236 2297 347 2357 Aricini
364 2301 451 2373 atque
466 2294 607 2356 Ardeates
624 2295 661 2356 de
677 2293 815 2373 ambiguo
832 2313 904 2373 agro
921 2312 987 2354 cum
1010 2311 1098 2373 saepe
1114 2291 1194 2354 bello

237 2385 415 2448 certassent,
436 2377 535 2440 moltis
555 2379 586 2439 in
601 2379 695 2440 vicem
710 2377 844 2440 cladibus
866 2379 935 2440 lessi
951 2379 1082 2458 iudicem
1097 2394 1193 2456 popu·

202 2461 297 2524 illum
313 2461 478 2523 Romanum
496 2479 613 2542 cepere.
642 2462 768 2522 eumad
790 2479 908 2524 causam
931 2461 1073 2522 orandam
1098 2461 1194 2522 venis·

234 2554 316 2616 sent,
334 2545 460 2607 concilio
473 2545 578 2644 pepedi
594 2565 611 2607 a
626 2544 843 2623 magistratibus
859 2545 926 2606 dato
946 2562 1051 2623 magna
1069 2552 1194 2605 conten·

234 2632 314 2692 tione
330 2637 436 2692 ectum.
472 2632 588 2708 iamque
604 2629 689 2690 editis
710 2628 834 2691 testibus
851 2647 918 2690 cum
940 2628 1034 2690 tribus
1049 2629 1149 2703 vocari
1166 2636 1195 2690 et

235 2714 398 2794 pmpulum
390 2715 466 2774 mire
479 2713 651 2790 suffragium
663 2720 828 2791 oporteret,
844 2715 997 2790 consurgit
1009 2712 1041 2772 P
1055 2713 1196 2790 Scaptius

235 2799 271 2859 de
286 2797 374 2878 plebe
390 2814 496 2874 magno
514 2802 599 2867 natu,
621 2803 669 2866 et,
672 2798 707 2865 ,si
724 2796 813 2858 lieee‘
831 2797 966 2874 inquit„
970 2793 1135 2866 consules,
1156 2795 1194 2856 de

234 2880 402 2960 republica
419 2881 534 2948 dicere,
554 2897 655 2941 errare
671 2897 726 2958 ego
742 2879 914 2960 populum
906 2897 936 2940 m
953 2843 1009 2940 bae
1026 2897 1113 2939 causa
1131 2895 1194 2938 non

200 2965 361 3045 tpatiar.“
392 2981 460 3024 cum
482 2970 515 3023 ut
529 2981 634 3024 vanum
656 2981 723 3025 eum
743 2971 888 3041 negarent
908 2962 1045 3024 consules
1069 2962 1194 3023 audien·

168 3093 207 3138 -,
235 3049 304 3110 dum
322 3067 402 3118 esse,
421 3047 689 3126 uociferantemque
710 3047 796 3127 prodi
814 3046 965 3127 publicam
984 3063 1102 3108 causam
1121 3045 1194 3106 sub-

196 3139 217 3192 b
235 3151 346 3195 moveri
358 3133 525 3202 iussissent
541 3130 676 3192 tribunos
691 3130 827 3210 appellat.
855 3130 981 3201 tribuni,
994 3138 1025 3190 ut
1036 3130 1099 3192 lere
1114 3147 1192 3190 sem·

235 3236 289 3296 per
309 3224 452 3295 reguntur
474 3233 491 3276 n
513 3214 697 3276 multitudine
720 3215 813 3296 magis
828 3231 916 3294 quam
937 3221 1058 3292 regunt,
1081 3211 1194 3274 dedere

235 3302 358 3379 cupidae
374 3299 511 3360 audiendi
534 3297 627 3378 plebi,
652 3307 684 3358 ut
701 3315 776 3376 quae
802 3297 890 3360 vellet
908 3299 1042 3376 Scaptius
1067 3297 1190 3358 diceret.

201 3385 219 3436 d
235 3383 277 3443 lbi
292 3384 368 3453 iniit,
385 3399 495 3444 annum
506 3401 538 3444 se
553 3383 672 3444 tertium
682 3390 711 3443 et
723 3384 936 3460 octogesimum
948 3399 1052 3459 egere,
1069 3386 1098 3441 et
1110 3381 1140 3440 in
1154 3398 1192 3441 eo

236 3484 322 3544 agro,
341 3467 376 3528 de
387 3483 445 3544 quo
457 3465 568 3542 agitur,
583 3464 722 3528 militasse
733 3483 793 3527 non
809 3467 961 3536 iuuenem,
978 3466 1115 3526 vicesima
1128 3463 1192 3523 iam
