2580 3954
323 246 420 290 ussus
436 245 486 290 ιιι.
516 244 588 289 osr-
602 237 648 292 to·
662 237 705 292 tl.
736 227 776 306 [e.
793 225 827 288 (i.
841 226 904 305 tre]
1027 227 1090 294 183

131 411 198 456 sum
216 392 433 473 propemodum
454 393 491 454 de
506 393 627 454 vieturia
648 390 823 462 credebam,
846 409 916 470 pure
935 394 967 452 iu
983 393 1091 455 Hersi-

130 495 199 548 eos,
214 495 284 556 pers
298 478 332 538 iu
345 475 465 537 iuturus
474 476 647 554 praedatum
659 475 776 538 sbeuut.
808 475 987 554 relinquitur
997 476 1090 553 magis

129 562 236 626 esstote
250 555 431 638 praesidium
449 561 626 636 qusmsetis
640 561 747 620 vitum
763 559 801 620 sd
820 564 979 621 certamen.
1010 558 1124 636 quodi
1253 567 1256 574 '

103 671 105 676 ·
129 643 183 706 ubi
197 642 301 708 eouetd
316 643 424 713 sensit,
438 642 536 704 reddit
545 643 668 704 inlatus
679 649 764 706 tutes
775 649 922 704 terrorem
932 644 1089 703 instruetu-

130 744 190 804 que
205 727 269 790 soie
287 725 365 787 ultro
386 725 502 787 hostem
520 723 646 787 ltoessit.
674 725 727 786 uhi
742 725 787 786 iiii
801 727 997 794 oouseieutiu,
1020 724 1126 803 qudo

130 809 248 876 obesset
270 810 394 879 miton,
421 809 626 870 demutavere
650 823 795 888 pugnam,
823 810 916 870 erevit
941 807 1089 886 extemplo

130 893 271 956 Romanis
291 893 423 962 suimus,
444 898 475 953 et
493 909 549 969 pro
572 891 658 953 vietis
675 891 824 954 trabebant
847 899 988 971 paventes
1011 889 1089 953 iutra

80 1037 82 1042 ,
131 975 249 1040 vellum.
280 993 347 1036 oum
368 993 423 1053 per
442 981 536 1036 totum
556 975 635 1036 diem
649 977 797 1037 stetissent
815 975 921 1036 intenti
942 975 979 1036 sd
996 981 1124 1042 certe-7

131 1076 218 1129 neu,
231 1059 313 1120 uooti
329 1073 456 1120 tessere.
484 1065 515 1119 et
527 1057 654 1118 Romoui
664 1059 784 1136 quidem
795 1057 876 1136 pieni
887 1059 952 1136 spei
963 1071 1090 1136 corpore

131 1141 290 1208 corruente
312 1141 539 1219 haudquaquam
561 1143 627 1218 pori
646 1141 747 1203 hostes
767 1142 867 1202 auimo
887 1143 1007 1201 nuutios
1022 1159 1089 1219 pos·

130 1226 188 1287 sim
212 1225 322 1304 trepidi
340 1226 377 1286 ad
396 1224 580 1287 revocandos
595 1223 787 1302 praedatores
801 1224 964 1292 dimittunt;
985 1241 1089 1284 reour-

129 1309 206 1372 ritur
223 1327 259 1370 ex
274 1309 419 1388 proximis
432 1307 521 1379 loeis,
544 1308 702 1371 rdterieres
717 1323 779 1370 uon
796 1308 915 1368 inventi.
946 1305 1000 1366 ubi
1013 1303 1089 1366 iulu-
1107 1310 1124 1362 8

130 1393 189 1463 xit,
203 1392 355 1471 egreditm
371 1394 478 1454 cestrie
488 1392 639 1456 Ronanus
652 1387 761 1454 reiltun
774 1393 943 1462 invasum,
960 1390 992 1450 ni
1004 1391 1091 1467 copis

130 1492 247 1554 pugneo
266 1476 360 1538 fieret
392 1483 425 1537 et
441 1479 598 1555 postquem
621 1475 710 1538 muita
730 1477 789 1537 ism
811 1475 877 1536 dios
893 1479 970 1545 eret,
993 1489 1091 1550 nequo

131 1557 304 1622 movebatur
320 1561 480 1638 quicqum
492 1558 529 1620 sb
545 1560 644 1631 hoste,
661 1559 743 1621 iubet
756 1561 840 1637 signs
855 1559 961 1620 inferri
976 1555 1090 1618 consul.

130 1649 269 1720 motaque
287 1644 352 1705 soie
365 1643 527 1721 indignum
544 1644 664 1720 Aequos
679 1651 709 1706 et
722 1642 844 1704 Volscos
857 1643 994 1711 incessit,
1010 1641 1035 1702 si
1047 1641 1090 1701 vi·

130 1732 228 1788 oteres
244 1727 391 1788 oueroims
405 1725 514 1787 rollum
528 1729 626 1805 potitus
640 1743 731 1804 mem
749 1727 841 1786 virttis
863 1731 893 1786 et
906 1739 987 1784 armo
1008 1730 1089 1802 tege·

130 1815 206 1871 rent
234 1810 325 1888 igitur
341 1817 371 1871 et
384 1811 442 1888 ipsi
455 1807 645 1888 efflagitatum
655 1809 692 1870 sb
704 1808 830 1870 meiius
843 1809 960 1888 siguum
971 1823 1090 1885 pugnae

130 1907 652 2038 rt
657 1894 781 2055 ιιι
790 1890 1122 2036 timemur

13 2065 15 2070 '
130 2063 190 2127 tes,
215 2075 282 2119 oum
307 2057 411 2121 consul
422 2057 589 2129 Romanus,
611 2061 783 2137 priusquam
801 2059 870 2119 totis
890 2055 1002 2117 viribus
1016 2055 1088 2116 iulte

96 2168 102 2178 ¹
131 2148 280 2203 constaret
303 2142 433 2203 hostium
453 2143 548 2213 eoies,
575 2141 673 2203 intulit
695 2144 794 2220 signe:
822 2141 1001 2218 adortusque
1031 2156 1088 2200 neo
1107 2147 1139 2200 10
1212 2197 1216 2204 .

130 2241 234 2286 omues
245 2225 315 2286 doun
327 2225 449 2287 eductos
462 2242 532 2295 uee,
550 2227 602 2304 qui
617 2233 715 2296 erant,
730 2225 800 2286 sotis
815 2223 968 2302 explicatu
977 2223 1088 2286 ordini·

131 2305 204 2378 hus,
224 2321 322 2387 prope
340 2308 530 2370 fluctuantem
550 2307 669 2370 turham
690 2309 899 2387 trepidantium
921 2305 981 2367 huo
1001 2314 1088 2385 etque

131 2388 994 2471 iilueeitoumspeeteutiumqueseaosuosedditoturbetis
1005 2406 1087 2450 men·

130 2471 211 2536 dhus
226 2473 354 2537 elamore
367 2482 454 2554 etque
464 2477 577 2555 impetu
589 2475 707 2536 inuadit.
733 2473 862 2535 retmere
873 2475 970 2552 primo
981 2471 1088 2550 pedem
1108 2479 1139 2532 rt

130 2555 246 2624 hostem
268 2558 391 2628 deiude,
412 2575 481 2619 eum
501 2559 615 2620 suimus
632 2559 819 2635 eoiiegisseut
842 2561 870 2616 et
887 2553 1018 2634 undique
1034 2555 1088 2615 du·

130 2655 196 2708 ees,
208 2641 332 2702 tlemus
340 2644 452 2703 sessuri
464 2649 576 2712 essent,
589 2645 792 2721 rumperent,
805 2639 969 2701 restituitur
979 2653 1087 2717 pegus.

195 2721 267 2786 tut
300 2723 409 2786 tonsu
431 2741 467 2787 eu
486 2725 581 2788 alters
599 2733 685 2804 perte
697 2721 847 2786 Romanos
858 2723 1027 2782 meminisse
1042 2722 1088 2780 iu·
1108 2730 1121 2780 1

130 2803 221 2868 behet
240 2805 292 2870 iilo
314 2807 363 2872 die
382 2811 511 2886 primum
530 2807 642 2871 liberos
661 2827 717 2888 pre
742 2807 835 2869 libere
859 2803 934 2868 urhe
956 2803 1087 2866 Romane

131 2905 275 2968 pugnare.
309 2890 430 2952 sibimet
445 2894 518 2972 ipsis
541 2893 686 2962 victuros,
711 2909 772 2952 nou
799 2897 832 2951 ut
853 2890 1087 2950 decemvirorum

131 2972 259 3035 vietoree
272 2976 437 3050 praesum
452 2983 559 3037 essent.
587 2993 650 3036 non
662 2976 758 3055 Appio
778 2974 854 3034 duee
875 2989 940 3034 rem
955 2975 1019 3050 geri
1035 2971 1088 3033 sed
1105 2968 1121 3016 2

131 3053 254 3116 oomle
270 3056 401 3127 Vderio,
421 3057 459 3118 sb
473 3058 681 3120 liberatoribus
697 3057 798 3136 populi
812 3056 937 3118 Romani
950 3061 1031 3123 orto,
1052 3053 1088 3113 li·

131 3135 271 3200 berstere
292 3140 368 3217 ipso.
398 3142 586 3205 ostenderent
605 3141 757 3222 prioriims
779 3137 900 3218 proeliis
924 3154 979 3215 per
996 3137 1088 3198 duces

120 3225 193 3281 'uon
207 3237 263 3299 per
279 3221 387 3284 milites
400 3226 528 3295 stetisse,
545 3245 584 3288 ue
598 3229 764 3288 vincerent:
787 3231 875 3300 turpe
896 3237 961 3281 esso
985 3227 1087 3280 eontra
1105 3225 1122 3278 3

131 3305 210 3366 uires
230 3305 299 3384 plus
319 3307 411 3366 uuimi
430 3305 571 3371 hstusse
587 3327 675 3392 quom
698 3315 801 3370 eontra
821 3305 935 3373 hostes,
965 3309 994 3364 et
1009 3303 1089 3364 domi

132 3403 220 3464 quum
239 3389 313 3452 ioris
334 3391 506 3452 soututom
526 3395 620 3471 magis
639 3395 781 3454 timuisse.
814 3405 903 3450 unam
920 3388 1123 3465 Verginismt

132 3468 237 3542 ruse,
259 3475 342 3536 errius
366 3475 524 3560 pudieitiue
544 3477 575 3536 iu
597 3495 671 3558 pace
692 3472 858 3555 perieulum
880 3478 971 3541 esset,
997 3487 1089 3540 uuum
