2580 3954
238 189 300 256 208
378 207 474 248 umen
489 207 532 249 1v.
560 207 627 248 oar.
646 201 689 252 li.
704 200 747 252 12.
772 187 811 272 [a.
826 210 857 250 u.
874 211 900 253 c.
917 187 1045 272 sii-315]

238 353 331 415 multo
353 355 466 416 maiore
490 361 574 432 parte
590 354 768 418 Rutulorum
790 356 966 417 colonorum
986 375 1074 436 quam
1089 357 1191 420 Roma·
1271 361 1272 424 ]

238 456 346 500 norum
361 440 472 516 scripta
484 439 540 500 ne'c
555 457 626 517 ager
637 439 715 502 ullus
727 440 907 502 divideretur
916 441 974 501 nisi
983 441 1025 510 is,
1043 443 1094 519 qui
1104 443 1196 503 inter-
1271 429 1272 510 l

238 529 343 602 ceptus
362 523 474 583 iudicio
495 522 597 583 infami
621 529 699 593 erat,
731 540 788 585 neo
805 523 858 584 ulli
883 526 966 603 prius
988 523 1122 586 Romano
1143 525 1187 586 ibi

237 625 327 686 quam
340 605 478 682 omnibus
491 605 608 670 Rutulis
624 607 733 668 divisus
750 614 843 678 esset,
866 607 952 686 gleba
966 607 1025 668 ulia
1038 605 1103 686 'agri
1120 610 1197 671 adsi·

190 699 220 753 ,o
238 697 388 770 gnaretur.
421 691 464 751 sic
480 707 551 768 ager
566 690 603 750 ad
617 690 759 754 Ardeates
772 692 869 753 rediit.
904 693 1049 752 triumviri
1064 693 1101 752 ad
1115 693 1197 754 coio-

238 776 318 834 niam
340 773 467 835 Ardeam
494 773 696 836 deducendam
721 776 814 836 creati
833 776 962 854 Agrippa
986 776 1140 838 Menenius
1162 778 1216 837 T.-

203 865 220 917 6
239 857 360 920 Cluilius
376 855 493 918 Siculus
510 857 548 918 li.
568 857 711 920 Aebutius
728 858 833 935 licium
853 860 916 939 qui,
940 865 1058 938 praeter
1075 861 1197 922 unnime

237 940 382 1020 populare
403 941 601 1004 ministerium
618 960 689 1020 agro
705 943 886 1020 adsignando
905 945 1009 1012 sociis,
1031 961 1121 1021 quem
1141 961 1196 1022 po·

237 1024 325 1104 puius
346 1025 497 1086 Romanus
517 1043 604 1087 suum
625 1026 797 1097 iudicasset,
823 1043 890 1088 cum
914 1026 1032 1106 piebem
1056 1027 1196 1090 offendis·

237 1114 319 1178 sent,
340 1125 378 1170 ne
394 1108 576 1186 primoribus
597 1111 716 1189 quidem
735 1116 852 1189 patrum
873 1112 944 1172 satis
961 1113 1090 1190 accepti,
1116 1112 1194 1190 quod

204 1204 218 1254 '1
237 1191 310 1254 nibil
326 1194 438 1272 gratiae
455 1194 629 1272 cuiusquam
650 1194 808 1265 dederant,
833 1197 1018 1264 vexationes,
1042 1195 1078 1256 ad
1099 1213 1195 1274 popu·

236 1277 298 1338 lum
315 1279 374 1338 iam
386 1276 433 1338 die
448 1277 525 1337 dicta
537 1277 573 1338 ab
586 1277 728 1349 tribunis,
748 1276 846 1338 coloni
857 1278 999 1358 adscripti
1013 1279 1195 1340 remanendo

236 1363 268 1421 in
279 1361 410 1430 colonia,
429 1379 517 1440 quam
532 1368 637 1423 testem
648 1363 825 1440 integritatis
836 1363 1025 1441 iustitiaeque
1036 1358 1194 1432 habebant,

178 1473 181 1478 ¹
236 1447 373 1506 vitavere.

205 1535 218 1586 1
299 1528 360 1588 ΧΠ.
393 1529 453 1590 Pax
463 1529 544 1590 domi
554 1529 686 1606 lorisque
697 1529 752 1589 iuit
762 1535 791 1589 et
801 1528 859 1590 iroc
871 1537 901 1590 et
913 1530 1088 1608 insequente
1106 1546 1193 1600 anno,

203 1620 219 1667 a
238 1613 267 1674 C.
286 1612 376 1672 Furio
393 1611 492 1673 Pacilo
511 1618 541 1674 et
555 1613 593 1674 Μ.
608 1612 726 1691 Ρ1ρί1ἰο
741 1614 846 1674 Crasso
863 1611 1044 1674 consulibus.
1079 1613 1141 1678 ludi
1156 1613 1193 1674 ab

237 1696 411 1758 decemviris
427 1714 481 1774 per
505 1697 702 1758 secessionem
720 1696 815 1774 plebis
833 1716 849 1758 a
865 1696 999 1776 patribus
1021 1716 1056 1758 ex
1073 1704 1193 1758 senatus
1271 1723 1272 1758 i

202 1787 219 1838 a
237 1778 373 1841 consulto
389 1781 448 1840 voti
464 1799 499 1840 eo
514 1797 591 1840 anno
606 1780 676 1840 iacti
689 1787 766 1842 sunt.
794 1799 882 1842 causa
897 1781 1075 1842 seditionum
1089 1782 1193 1859 nequi·

202 1877 218 1924 4
237 1879 326 1944 quam
342 1881 359 1924 a
373 1862 497 1924 Poetilio
519 1865 667 1941 quaesita,
687 1866 739 1943 qui
761 1863 1013 1943 tribunusplebis
1033 1866 1191 1926 iterumea
1271 1923 1272 1940 ,

236 1950 301 2026 ipsa
322 1947 524 2009 denuntiando
548 1948 643 2009 iactus
666 1965 781 2027 neque,
814 1955 847 2009 ut
871 1949 908 2010 de
930 1951 1009 2026 agris
1030 1948 1193 2010 dividendis
1271 1943 1272 1996 ἶ

235 2029 317 2111 plebi
338 2030 488 2093 referrent
511 2031 648 2092 consules
670 2032 706 2092 ad
723 2039 874 2103 senatum,
895 2033 1068 2110 perducere
1085 2034 1188 2110 potuit,
1271 2031 1272 2040 ’

236 2122 266 2176 et
275 2132 343 2174 oum
357 2133 463 2193 magno
476 2117 637 2177 certamine
649 2115 840 2183 obtinuisset,
856 2123 890 2177 ut
900 2115 1127 2178 consulerentur
1139 2133 1192 2193 pa·

236 2206 313 2270 tres,
337 2199 493 2260 consulum
515 2217 553 2258 an
578 2198 766 2260 tribunorum
786 2199 919 2278 placeret
940 2201 1059 2260 comitia
1077 2197 1191 2268 haberi,

202 2281 374 2343 cocosates
392 2283 489 2343 creari
510 2283 582 2344 iussi
602 2290 688 2352 sunt;
710 2281 899 2362 ludibrioque
917 2289 1002 2344 erant
1020 2285 1117 2346 minae
1138 2285 1190 2342 tri·
1271 2303 1272 2342 i

235 2366 308 2426 buni
322 2365 523 2428 denuntiantis
543 2385 576 2428 se
595 2365 735 2428 dilectum
756 2368 973 2446 impediturum,
996 2384 1063 2427 oum
1083 2367 1192 2444 quietis

235 2451 366 2511 finitimis
381 2467 478 2530 neque
495 2450 574 2512 bello
590 2469 687 2530 neque
704 2449 774 2512 belii
792 2459 935 2530 apparatu
951 2468 1025 2530 opus
1041 2457 1126 2512 esset.

201 2541 218 2592 c
298 2534 437 2612 Sequitur
457 2534 535 2596 hanc
555 2534 799 2614 tranquillitatem
821 2551 922 2597 rerum
945 2552 1039 2596 annus
1064 2533 1192 2594 Proculo
1271 2521 1272 2594 l

235 2619 365 2696 Geganio
378 2619 527 2680 Macerino
544 2619 576 2679 L.
592 2619 728 2680 Menenio
747 2619 858 2680 Lanato
880 2617 1068 2689 consulibus,
1091 2616 1191 2678 multi·
1271 2649 1272 2674 1

234 2701 305 2780 plici
319 2701 403 2764 clade
415 2720 450 2763 ac
460 2702 594 2781 periculo
605 2704 744 2782 insignis,
763 2703 972 2774 seditionibus,
987 2702 1081 2772 ieme,
1096 2719 1192 2779 regno

234 2803 329 2864 prope
357 2804 412 2864 per
435 2785 601 2864 largitionis
627 2788 812 2850 dulcedinem
840 2790 871 2850 in
899 2789 1028 2849 cervices
1058 2794 1191 2864 accepto.

202 2876 325 2928 7unum
346 2871 419 2930 afuit
439 2869 550 2932 beilum
568 2878 739 2940 externum;
761 2874 859 2950 quosi
880 2873 1053 2949 adgravatae
1074 2888 1124 2932 res
1144 2889 1192 2932 es·

235 2957 316 3023 sent,
333 2955 380 3021 vix
396 2972 454 3034 ope
470 2955 593 3016 deorum
612 2957 744 3016 omnium
759 2958 858 3018 resisti
873 2957 1025 3035 potuisset.
1062 2971 1192 3032 coepere

235 3056 251 3098 a
267 3037 344 3098 fame
355 3037 446 3108 maia,
461 3057 513 3099 seu
529 3039 670 3101 adversus
682 3058 777 3101 annus
788 3041 923 3118 frugibus
937 3040 1008 3109 init,
1024 3058 1078 3100 seu
1088 3037 1190 3098 dulice·

235 3122 312 3182 dinc·
328 3123 502 3182 contionum
530 3129 560 3184 et
581 3122 665 3184 urbis
690 3124 808 3185 deserto
836 3138 975 3201 agrorum
996 3121 1092 3191 cuitu,
1120 3138 1190 3181 nam

235 3212 394 3284 utrumque
416 3207 556 3272 traditur.
577 3215 606 3269 et
629 3215 729 3287 patres
749 3206 867 3286 plebem
881 3207 1012 3268 desidem
1029 3213 1058 3267 et
1077 3204 1192 3266 tribum

234 3287 329 3368 piebis
346 3307 427 3350 nunc
448 3290 582 3352 iraudem
599 3310 681 3353 nunc
696 3291 914 3370 neglegentiam
924 3289 1081 3352 consulum
1101 3305 1191 3350 accu-

200 3375 217 3428 s
234 3371 345 3434 sabant,
381 3380 533 3453 postremo
551 3377 709 3454 perpulere
724 3375 842 3456 piebem
858 3375 937 3438 haud
955 3374 1127 3436 adversante
1142 3390 1190 3433 sc·

234 3462 319 3526 natu,
336 3463 370 3516 ut
384 3458 415 3516 L.
432 3458 577 3518 biinucius
594 3459 764 3538 praefectus
780 3477 915 3522 annonae
932 3466 1101 3528 crearetur,
1124 3453 1191 3518 ieli-
