2522 3954
269 229 317 280 DE
338 229 410 278 nim
430 229 519 279 mvn
541 230 625 279 VI'l'A
642 231 688 279 ΕΤ
708 231 871 281 somnum.
988 236 1049 286 till

86 395 278 464 argumentum
298 387 454 446 inchoatum
475 387 561 446 inisse
580 389 686 446 videtur
704 389 831 447 indicere.
851 390 943 466 Neque
961 401 1048 451 tameo

86 472 167 530 inhio
180 471 274 552 operis
287 471 412 546 pertibus
427 487 472 528 res
485 471 522 528 ite
539 473 671 536 tractarit,
683 481 714 530 nt
724 489 764 536 ea,
781 491 849 550 quae
864 475 993 537 tradenda
1006 493 1049 536 cs·

87 564 155 620 sent,
167 554 322 613 rationibus
333 554 494 631 quibusdum
507 556 640 613 universis
652 556 820 632 disponeret,
836 560 921 616 ortium
937 560 1009 617 inter
1019 579 1049 618 se

86 640 177 697 iuncto
193 639 436 714 comprehenderet
447 646 475 696 et
486 639 520 696 nd
533 655 702 698 consessum
716 649 864 707 revocaret,
879 659 925 700 res
939 643 1049 702 bellicos

87 731 114 780 et
127 722 223 782 civile·
240 725 397 796 reiungerct
405 716 464 795 15ἵ),
479 723 648 780 diversorum
662 733 815 799 temporum
827 743 918 784 mores
930 735 958 784 ct
972 729 1049 785 insti·

88 813 145 864 tuto
165 814 356 881 compareret,
379 807 427 864 sod
444 805 525 864 etiem
539 807 568 864 in
587 807 631 865 his
645 807 758 883 singulo
768 816 873 867 tuntum
888 811 1050 886 pierumque

87 891 233 965 spectavit,
254 899 283 947 et
303 898 334 948 ut
350 899 474 966 tempore
492 907 552 948 sese
565 901 726 967 exceperant
742 894 891 958 contorsit,
911 902 943 952 nt
959 911 994 952 ne
1011 896 1049 952 ibi

87 975 196 1049 qnidem
215 991 283 1050 quoe
298 975 370 1032 inter
384 991 414 1032 sc
433 974 579 1032 cohaerent
595 993 651 1033 uno
665 986 815 1051 conspectu
829 977 914 1036 videri
932 980 1049 1054 possint.

86 1057 253 1132 Qumnqw
273 1057 344 1115 enim
361 1066 389 1116 et
405 1058 514 1115 Getonis
524 1051 573 1132 ¹⁵³)
593 1068 675 1134 etque
694 1058 816 1117 Sallustii
830 1061 953 1138 exemplo
966 1062 1049 1122 docu-

86 1152 178 1206 erunt,
201 1151 230 1198 et
244 1142 303 1217 ipse
317 1143 346 1198 in
365 1159 461 1216 regom
475 1141 591 1199 historio
606 1142 779 1201 inteliemrt
793 1161 885 1202 rerem
898 1146 992 1220 potius
1007 1163 1049 1204 rn-

87 1226 190 1283 tionem
207 1242 288 1300 quom
301 1241 434 1283 annorum
449 1226 547 1283 corion
562 1243 644 1301 ponc
659 1228 769 1292 servm-i,
785 1236 874 1285 umen
891 1245 951 1286 cun
966 1229 1049 1304 pleri·

86 1325 139 1382 que
151 1317 216 1366 ente
230 1325 292 1367 eum
305 1309 455 1384 scriptores
467 1325 502 1366 ns
510 1308 624 1383 Polybio
640 1309 748 1383 quidem
759 1320 788 1368 et
798 1310 910 1368 Coesem
920 1314 1048 1387 exceptis.

85 1401 116 1449 ut
136 1407 248 1468 quoquc
262 1409 333 1450 auno
348 1401 442 1468 pestus
460 1400 539 1450 crant
554 1409 614 1456 res,
628 1394 860 1468 composuissent,
876 1411 955 1453 nemo
969 1397 1047 1453 mim·

86 1476 160 1534 bitur
175 1476 258 1534 etium
273 1477 377 1535 Livium
390 1476 461 1534 hunc
474 1493 578 1534 morsm
591 1493 653 1534 esse
667 1484 798 1536 secutum.
825 1477 897 1546 Once
912 1480 983 1537 ratio
997 1481 1049 1538 etsi

87 1559 170 1618 multe
193 1561 276 1618 hebet
290 1561 472 1624 incommodo,
489 1577 551 1618 cum
565 1560 635 1618 houd
649 1577 731 1625 mc,
749 1577 818 1636 quse
835 1563 906 1620 inter
920 1579 949 1620 sc
962 1565 1049 1621 conti-

85 1652 200 1707 nentur,
223 1645 297 1719 qood
318 1661 373 1702 non
391 1661 446 1701 nno
467 1661 538 1701 anno
559 1651 636 1718 gesta
656 1652 734 1708 sunt.
754 1645 894 1720 disiungns
913 1655 1048 1721 oportent,

85 1737 189 1791 umen.
204 1728 232 1785 id
248 1729 321 1802 quod
336 1727 512 1803 Thucydidis,
526 1728 641 1802 Polyidi,
658 1729 743 1786 Taciti
758 1729 887 1804 exemplis
903 1731 1049 1805 probitum

85 1820 136 1876 est,
150 1828 208 1868 non
222 1811 344 1887 impedit,
360 1828 414 1886 qno
431 1812 529 1876 mmus,
546 1812 569 1868 si
584 1812 675 1869 omnio
690 1821 753 1870 tute
763 1810 886 1878 collecto,
904 1829 1048 1888 perpensa,

84 1895 220 1971 disposito
234 1895 376 1958 sintertis
388 1889 535 1953 historicae
549 1894 656 1970 legium
670 1894 804 1960 satisfieri.
819 1913 963 1970 rerumque
978 1897 1047 1954 inter

86 1996 115 2036 se
131 1995 219 2037 nem
239 1979 367 2054 expiicrri
387 1989 416 2037 et
429 1995 513 2036 unum
526 1985 609 2052 etque
623 1978 738 2052 simplex
752 1995 822 2053 opus
837 1979 933 2037 confici
949 1982 1047 2056 possit.

85 2063 160 2120 Livio
175 2070 281 2127 autem,
303 2063 349 2138 qui
365 2080 420 2120 non
437 2063 474 2119 ito
488 2069 599 2137 paratus
613 2063 646 2120 nd
660 2062 831 2120 scribendum
846 2065 973 2128 venisset.
994 2081 1048 2137 quo

86 2145 193 2204 facilius
208 2154 283 2204 tento
297 2163 388 2204 rerum
401 2146 481 2220 copie
498 2154 527 2202 et
544 2146 658 2202 varietus
672 2145 764 2220 aliquo
783 2153 872 2203 tomen
886 2147 993 2204 vinculo
1009 2157 1048 2204 at·

87 2247 140 2304 que
154 2230 251 2288 ordine
265 2230 461 2293 contineretur,
476 2245 563 2303 poene
577 2238 636 2286 eret
649 2231 910 2304 necessariumque
920 2231 1007 2304 mugio
1021 2232 1047 2287 ei

85 2313 263 2388 probabatur,
281 2313 353 2388 qnod
368 2315 396 2370 in
407 2330 438 2370 rc
453 2312 562 2388 publice
576 2313 694 2370 Romane
709 2321 740 2370 nt
754 2313 782 2370 in
798 2313 941 2372 morlibns
959 2313 1049 2372 omnia

86 2399 118 2454 ed
142 2398 352 2471 mgistratum
372 2413 458 2455 annos
480 2397 684 2461 reserebantur,
713 2405 741 2455 et
758 2416 773 2453 n
791 2399 868 2454 novis
888 2397 1048 2455 consulibus

86 2498 154 2538 noun
173 2481 269 2555 qumvis
284 2497 354 2538 enno
372 2497 462 2538 rerum
481 2481 565 2538 series
580 2481 733 2557 incipiebat,
748 2481 933 2543 curves.
958 2482 1047 2554 Atque

85 2565 226 2638 prioribus
244 2565 372 2629 suculis,
393 2564 441 2621 uhi
465 2579 550 2639 pauca
573 2581 662 2639 oeque
682 2581 713 2621 ea
729 2564 816 2620 artius
830 2579 950 2621 connexo
971 2571 1048 2620 orant

86 2649 229 2712 menda,
243 2648 311 2708 hoec
328 2650 399 2706 ratio
419 2648 560 2706 ridebatur
580 2647 816 2712 commodissinru;
837 2645 1045 2721 posterioribus.

86 2733 132 2789 nbi
147 2731 266 2808 plurime
285 2733 400 2790 divesis
413 2731 482 2790 locis
498 2739 526 2789 ct
540 2732 599 2807 ipsu
618 2733 690 2789 inter
709 2748 739 2790 sc
755 2731 859 2789 diversa
872 2731 1046 2805 gerebantur,

86 2816 257 2890 aptissimum
272 2825 331 2874 eret
351 2816 483 2891 temporis
501 2823 576 2874 certe
591 2824 620 2872 et
633 2815 696 2872 anni
715 2815 793 2889 queri
807 2814 915 2873 vinculo
931 2831 963 2872 ea
979 2831 1047 2888 quse

87 2899 157 2957 iacta
173 2908 252 2957 oront
268 2899 411 2974 conplecti,
427 2900 451 2956 si
466 2917 556 2957 rerum
571 2900 691 2974 ipserum
705 2899 777 2956 inter
790 2915 819 2956 se
835 2898 989 2956 coniunctio
1004 2915 1045 2956 ec·

87 2983 208 3039 curatius
229 2983 356 3058 explicari
372 3000 427 3040 non
442 2991 559 3058 poterut.
577 2981 662 3039 Etiam
677 2983 705 3038 in
720 2983 802 3040 rebus
816 2981 985 3056 singulorum
1000 2997 1046 3037 on-

88 3082 186 3123 oorum
206 3067 400 3124 distribuendis
420 3065 555 3124 annalium
574 3067 707 3123 rationem
727 3074 837 3124 secutus
858 3082 974 3139 promum
989 3062 1047 3138 ple·

88 3165 202 3224 mmqoe
221 3150 300 3224 ponit
313 3149 455 3208 consulum
472 3149 593 3213 uomina,
610 3150 657 3224 qui
671 3165 705 3206 co
720 3165 792 3206 enno
811 3164 867 3222 quc
879 3155 958 3220 geste
974 3154 1046 3212 sunt,

85 3249 155 3306 quoe
178 3233 327 3291 traditurus
348 3242 405 3297 est.
426 3234 465 3291 rei
489 3229 613 3308 pubiieuc
629 3231 820 3307 praefuerunt.
839 3237 896 3287 turn
915 3246 959 3288 res
974 3229 1046 3306 ipsos

88 3365 288 3375 m...-

154 3427 214 3492 152)
228 3428 301 3481 Teine
315 3429 374 3487 12&
392 3429 447 3480 142.

154 3493 214 3560 153)
228 3497 363 3547 Mommsen.
377 3497 406 3546 Η.
419 3497 446 3548 ii.
460 3498 477 3554 i.
489 3495 546 3548 905.
