2580 3954
328 231 422 274 urana
437 231 486 274 111.
515 231 584 272 cur.
600 221 643 274 41.
658 222 700 274 42.
728 215 768 291 [a.
786 211 819 271 O.
836 208 895 290 450]
1031 217 1091 276 165

134 398 221 459 quam
245 378 409 441 consularis
426 381 545 459 imperii
561 377 704 440 rebantur
726 395 803 447 esse,
825 393 919 456 propo
944 374 1093 437 malebant

133 463 289 544 postmodo
320 464 400 540 ipsos
425 463 608 524 decemviros
634 461 780 523 voluntate
811 460 894 520 abire
921 463 1090 537 magistratu

134 565 222 626 quarn
242 546 350 608 invidia
371 564 475 607 eorum
493 562 653 624 exsurgere
667 562 770 605 rursus
788 543 916 623 plebem.
946 544 971 602 si
984 542 1089 604 leuiter
1108 555 1123 604 o

132 631 268 692 ductare
289 631 352 692 sine
367 629 503 708 populari
518 631 643 707 strepitu
657 629 693 688 ad
710 627 845 688 consules
861 627 1021 694 redissent,
1043 635 1092 686 aut

131 712 220 775 bellis
241 715 423 792 interpositis
443 722 493 773 aut
510 713 711 773 moderatione
734 710 888 772 consulum
909 713 941 770 in
958 711 1091 788 imperiis

133 797 308 858 exercendis
315 815 402 875 posse
414 797 445 855 in
456 796 634 856 oblivionem
648 793 837 855 tribunorum
845 792 964 873 plebem
976 791 1089 856 adduci.

133 881 256 942 Silentio
267 889 385 959 patrum
400 880 523 940 edicitur
539 879 672 940 dilectus.
702 881 847 949 iuniores,
864 895 931 937 cum
946 880 1010 938 sine
1021 893 1090 956 pro·
1109 887 1125 934 7

132 967 285 1026 vocatione
299 964 458 1041 imperium
474 971 563 1032 esset,
584 963 621 1022 ad
642 964 761 1022 nomina
775 963 965 1040 respondent
999 960 1091 1038 legio·

134 1047 220 1108 uibus
238 1048 356 1125 scriptis
377 1049 454 1108 inter
476 1065 508 1108 se
529 1047 689 1107 decemviri
712 1039 936 1125 comparabant,
959 1062 1032 1121 quos
1047 1046 1091 1104 ire

132 1131 170 1192 ad
187 1129 314 1200 bellum,
339 1147 412 1206 quos
427 1147 566 1208 praeesse
588 1128 766 1190 exercitibus
790 1137 950 1208 oporteret.
980 1129 1126 1206 princi-8

132 1233 186 1296 pes
201 1216 279 1274 inter
296 1214 479 1274 decemviros
498 1221 582 1274 erant
600 1211 633 1280 Ο.
650 1212 757 1272 Fabius
775 1221 804 1272 et
817 1213 929 1290 Appius
945 1211 1090 1272 Claudius.

132 1297 244 1358 bellum
252 1297 332 1357 domi
344 1297 438 1356 maius
450 1312 538 1372 quam
552 1295 625 1356 ioris
636 1294 805 1374 apparebat.
831 1296 918 1373 Appii
924 1293 1092 1355 violentiam

132 1384 277 1460 aptiorem
292 1381 350 1440 rati
372 1379 410 1439 ad
425 1378 654 1456 conprimendos
673 1377 803 1438 urbanos
820 1386 933 1447 motus,
956 1379 986 1436 in
1000 1376 1091 1437 Fabio

132 1467 230 1526 minus
257 1466 288 1524 in
317 1462 398 1523 bono
420 1470 558 1522 constans
581 1479 668 1540 quam
696 1479 802 1522 navum
823 1462 854 1521 in
876 1457 985 1521 malitia
1008 1463 1092 1538 iuge·

132 1550 215 1608 nium
231 1565 304 1608 esse.
341 1546 422 1606 huno
440 1547 520 1607 enim
533 1547 642 1615 virum,
665 1546 815 1623 egregium
831 1545 901 1606 olim
917 1545 996 1605 domi
1016 1544 1092 1604 mili-⁴
1109 1560 1131 1614 n

133 1635 258 1708 tiaeque,
277 1630 490 1691 decemviratus
502 1627 692 1707 collegaeque
703 1630 744 1690 ita
754 1635 946 1696 mutaverant,
964 1637 995 1688 ut
1006 1628 1093 1706 Appii

133 1733 222 1792 quam
238 1715 284 1774 sui
301 1712 405 1774 similis
418 1712 519 1774 mallet
534 1731 609 1774 esse.
640 1712 710 1773 huic
732 1711 844 1773 bellum
865 1715 896 1772 in
912 1711 1030 1773 Sabinis
1044 1709 1081 1771 Μ’

131 1796 275 1860 Rabuleio
300 1804 329 1857 et
350 1793 383 1864 Q.
404 1796 528 1858 Poetilio
552 1794 658 1856 additis
681 1795 812 1873 conlegis
835 1797 1014 1856 mandatum.
1054 1795 1090 1855 ll.
1113 1804 1144 1860 10

133 1880 287 1943 Cornelius
298 1881 328 1940 in
338 1879 474 1957 Algidum
486 1881 592 1941 missus
604 1897 672 1940 cum
682 1877 715 1940 L'.
728 1880 856 1941 Minucio
881 1887 909 1940 ot
919 1880 952 1940 T.
965 1881 1091 1938 Antonio

133 1975 162 2027 et
177 1965 308 2026 Caesone
321 1963 429 2024 Duillio
447 1972 476 2024 et
490 1963 528 2024 M.
548 1963 660 2040 Sergio.
691 1963 740 2042 Sp.
758 1962 887 2041 Oppium
901 1966 954 2041 Ap.
972 1961 1091 2022 Claudio

133 2049 297 2109 adiutorem
314 2047 351 2108 ad
374 2045 481 2108 urbem
495 2047 634 2108 tuendam
650 2064 745 2123 aequo
762 2049 894 2106 omnium
910 2046 1092 2107 decemviro·

131 2151 198 2194 rum
215 2133 341 2210 imperio
357 2131 531 2192 decernunt.

195 2215 281 2276 XLll.
311 2213 410 2274 Nihilo
431 2213 552 2276 militiae
573 2231 662 2292 quam
685 2215 766 2275 domi
788 2214 894 2276 melius
908 2233 957 2277 res
973 2213 1091 2293 publica
1112 2229 1124 2276 1

132 2299 333 2361 administrata
344 2305 397 2360 est.
426 2297 476 2358 illa
486 2297 574 2360 modo
586 2300 618 2358 in
630 2297 754 2359 ducibus
769 2297 871 2376 culpa,
890 2300 969 2376 quod
980 2306 1012 2358 ut
1023 2296 1091 2358 odio
1110 2315 1125 2361 2

133 2390 231 2444 essent
252 2380 365 2443 civibus
390 2382 537 2451 socorsum
568 2381 623 2442 alia
646 2384 741 2442 omnis
762 2399 854 2460 penes
876 2382 983 2444 milites
1004 2384 1091 2442 noxia

132 2475 210 2536 erat,
237 2467 303 2543 qui,
329 2481 368 2526 ne
394 2465 466 2542 quid
487 2465 577 2526 ductu
598 2473 686 2542 atque
707 2467 837 2542 auspicio
858 2465 1092 2526 decemvirorum

134 2566 278 2630 prospere
293 2565 417 2624 usquam
434 2558 603 2625 gereretur,
625 2549 704 2608 vinci
726 2567 758 2609 se
774 2565 930 2626 persuum
952 2557 1040 2624 atquo
1056 2548 1091 2606 il·

132 2646 230 2693 lorum
246 2631 374 2693 dedecus
387 2630 582 2710 patiebantur.
615 2632 673 2692 iusi
689 2638 720 2692 et
734 2630 770 2692 ab
787 2631 904 2692 Sabinis
919 2630 956 2691 ad
969 2631 1091 2693 Eretum
1109 2645 1126 2697 3

133 2724 162 2778 et
175 2717 208 2774 in
227 2713 330 2792 Algido
350 2714 387 2776 ab
405 2717 514 2792 Aequis
530 2717 677 2777 exercitus
693 2722 785 2776 erant.
815 2714 851 2776 ab
868 2715 957 2777 Ereto
976 2733 1032 2795 per
1052 2716 1092 2778 si·

131 2796 255 2861 lentium
272 2800 367 2860 noctis
382 2799 501 2876 profugi
516 2801 639 2879 propius
660 2797 766 2860 urbem
780 2801 858 2860 inter
876 2799 1003 2860 Fidenas
1019 2799 1092 2861 Cru-

131 2885 273 2944 stumeria
306 2899 363 2960 que
381 2883 448 2942 loco
466 2883 544 2944 edito
560 2890 653 2944 castra
670 2885 920 2944 communierant.
951 2893 1126 2960 persecu-4

131 2968 172 3028 tis
184 2965 319 3028 hostibus
330 2985 476 3046 nusquam
488 2984 520 3029 se
531 2984 625 3045 aequo
637 2969 799 3029 certamine
811 2968 1029 3028 committentes
1040 2983 1091 3027 na-

132 3061 201 3112 tura
215 3049 274 3112 loci
288 3068 323 3111 ao
336 3049 411 3112 vallo
426 3067 486 3113 non
499 3053 607 3112 virtute
618 3058 667 3111 aut
678 3053 770 3112 armis
784 3050 967 3113 tutabantur.
994 3050 1091 3108 maius
1108 3064 1124 3113 5

132 3134 279 3212 llagitium
293 3135 325 3194 in
340 3133 460 3212 Algido,
480 3137 574 3198 maior
595 3136 683 3196 etiam
704 3132 803 3195 clades
825 3141 959 3214 acceqta:
996 3139 1091 3192 castra

133 3235 253 3298 quoque
276 3218 382 3278 amissa
398 3226 490 3288 erant,
515 3227 678 3298 exutusque
694 3216 830 3280 omnibns
844 3214 1021 3277 utensilibus
1036 3216 1090 3274 mi·

133 3301 179 3362 les
192 3300 355 3364 Tusculum
370 3321 402 3363 se
416 3301 475 3364 tide
490 3301 751 3380 misericordiaque
766 3302 901 3362 victurus
921 3298 1090 3378 hospitium,

136 3403 212 3462 quae
232 3397 412 3449 tamennon
435 3386 614 3456 fefellerunt,
630 3385 834 3467 contulerant.
872 3384 995 3445 Romam
1019 3384 1092 3443 tanti
1109 3397 1125 3444 o

137 3477 223 3531 erant
236 3477 370 3532 terrores
380 3469 466 3540 allati,
483 3478 515 3531 ut
528 3471 625 3551 posito
636 3471 694 3529 iam
710 3466 898 3530 decemvirali
910 3466 977 3528 odio
990 3473 1091 3543 patres
