2580 3954
240 218 302 280 236
387 231 482 272 umen
498 231 541 272 ιν.
566 230 635 272 cur.
650 223 692 274 42.
709 223 752 276 43.
775 209 814 292 [a.
830 233 860 274 u.
876 234 900 272 o.
916 223 975 278 333.
989 212 1052 294 333]

240 381 332 440 iussit
363 381 454 440 oroati
467 379 583 440 suntL.
598 375 723 440 Manlius
736 377 961 458 CapitolinusQ
975 380 1120 442 Antonius
1137 382 1204 444 He·

240 463 381 524 rondaL.
396 463 531 542 Papirius
545 461 718 541 Mugilanus.

208 563 224 615 3
305 546 456 625 Principio
478 548 576 606 statim
598 562 668 606 annr
693 545 726 606 L
747 545 922 608 Hortensius
944 527 1202 626 tribunusplebis

242 631 272 693 C
289 631 465 709 Sempronio
482 626 597 690 consuli
612 629 682 690 anni
697 630 807 706 prioris
823 630 901 691 diem
917 631 997 690 dixit.
1024 649 1112 709 quem
1128 649 1199 692 cum

240 719 378 794 quattuor
406 711 537 792 collegae
563 714 746 791 inspectante
768 711 879 791 populo
899 713 1032 774 Romano
1064 723 1191 775 orarent

239 817 278 861 ne
292 801 503 876 imperatorem
516 813 603 858 suum
618 797 786 866 innoxium,
801 797 833 856 in
845 815 903 875 quo
915 797 988 857 nibil
1002 804 1124 877 praeter
1134 797 1198 858 lor·
1270 819 1271 878 ss

205 897 222 943 4
241 890 344 943 tunam
361 879 540 960 reprehendi
554 886 670 959 posset,
684 886 818 951 vexaret,
834 897 923 958 aegre
936 881 1113 943 Hortensius
1123 883 1200 960 pati,
1270 879 1271 964 ᾖ

240 965 463 1042 temptationem
481 981 546 1025 eam
562 964 686 1025 credens
702 981 767 1025 esse
780 967 1019 1043 perseverantiae
1034 983 1122 1035 suae,
1141 983 1197 1026 nec
1270 993 1271 1040 t

239 1047 380 1129 precibus
398 1045 601 1117 tribunorum,
628 1063 703 1125 quac
730 1047 909 1126 inspeciem
929 1047 1017 1109 modo
1038 1051 1198 1120 iactentur,
1270 1041 1271 1120 l

195 1156 223 1208 τ,
240 1132 292 1195 sed
307 1129 416 1193 auxilio
433 1131 581 1192 confidere
596 1148 691 1192 reum.
719 1131 817 1208 itaque
829 1131 917 1192 modo
932 1131 969 1192 ad
989 1149 1058 1194 emn
1072 1149 1199 1193 conver-

240 1234 307 1286 sus,
322 1214 375 1276 ubi
393 1212 435 1275 illi
449 1215 566 1293 patricii
579 1215 715 1294 spiritus,
733 1211 785 1273 ubi
799 1213 943 1278 subnixus
958 1221 987 1276 et
1001 1215 1095 1277 tideus
1108 1217 1196 1275 inno-

242 1301 356 1362 centiae
377 1301 492 1360 animus
512 1305 604 1367 esset,
631 1296 806 1376 quaerebat.
798 1317 806 1332 ·
779 1297 885 1359 tsub
907 1297 1068 1359 tribunicia
1090 1298 1197 1359 umbra
1266 1303 1271 1364 l

207 1399 312 1456 econs
299 1383 465 1444 ularem
440 1399 535 1442 vuum
549 1380 713 1450 delituissc;
738 1381 825 1442 modo
848 1383 884 1444 ad
907 1381 1067 1462 collegas„
1070 1399 1121 1443 vos
1144 1399 1197 1442 au·
1270 1435 1271 1446 .

239 1474 317 1536 tem,
338 1468 363 1526 si
377 1483 462 1526 reum
460 1481 605 1552 perago,
627 1463 696 1542 quid
716 1465 811 1525 acturi
833 1467 921 1527 estis?
947 1485 984 1528 au
1004 1467 1136 1545 erepturi
1149 1467 1199 1526 ius
1270 1511 1271 1522 .

207 1547 351 1628 7populo
366 1557 395 1608 et
418 1545 549 1608 eversuri
566 1547 755 1608 tribuniciam
775 1554 949 1626 potestatem
969 1548 1097 1628 plebii“
1129 1567 1198 1609 cum
1270 1581 1271 1612 ;

240 1631 282 1693 illi
299 1631 379 1693 etde
397 1631 572 1710 Sempronio
588 1637 617 1692 et
633 1631 669 1691 de
689 1630 826 1692 omnibus
847 1651 993 1694 summam
1015 1631 1119 1712 populi
1136 1631 1197 1692 Ro·

221 1717 320 1776 mani
339 1721 515 1795 potestatem
537 1733 601 1776 esse
622 1714 769 1786 dicerent,
799 1731 856 1776 nec
876 1735 909 1777 sc
929 1716 1071 1777 iudicium
1092 1714 1197 1795 populi
1270 1757 1271 1764 .

241 1799 344 1860 tollere
360 1806 410 1860 aut
423 1797 497 1859 relle
512 1803 563 1858 aut
576 1815 679 1876 posse;
704 1797 757 1860 scd
777 1800 804 1860 si
818 1817 922 1878 preces
945 1817 1016 1861 suae
1031 1815 1086 1878 pro
1101 1800 1196 1878 impe-

206 1889 355 1954 sratore,
379 1883 430 1961 qui
449 1881 505 1942 sibi
528 1882 660 1961 parentis
680 1889 756 1942 essct
777 1879 860 1953 loco,
882 1901 942 1948 non
964 1881 1139 1954 valuissent,
1163 1901 1197 1942 se
1270 1947 1271 1958 p

241 1971 357 2028 vestem
378 1981 445 2026 oum
476 1983 510 2027 eo
540 1970 718 2025 mutaturos:
748 1973 812 2025 tum
838 1966 1048 2036 Hortensius,
1050 1983 1127 2036 ‚non
1155 1967 1196 2024 ri·
1270 1959 1271 2030 l

242 2049 348 2111 dehit“
368 2049 494 2128 inquit,
496 2047 590 2128 ,plebs
610 2047 742 2108 Romana
764 2049 928 2110 sordidatos
954 2048 1092 2111 tribunos
1116 2067 1195 2112 suos.
1270 2065 1271 2102 t

242 2133 498 2220 C.Sempronium
514 2131 587 2192 nihil
606 2149 721 2202 moror,
744 2133 860 2210 quando
882 2132 940 2194 boc
956 2134 1027 2194 est
1018 2151 1049 2194 ιιι
1069 2133 1198 2213 imperio
1270 2143 1271 2158 ¹

206 2223 432 2286 coonsecutus,
460 2223 493 2274 ut
520 2222 582 2275 tam
604 2231 691 2275 carus
714 2223 791 2276 esset
817 2215 990 2278 militibus‘*
1026 2234 1083 2279 nec
1102 2219 1163 2297 pict
1164 2235 1198 2276 as

144 2297 147 2301 ’
241 2305 382 2378 quattuor
408 2297 597 2381 tribunorum
625 2315 714 2377 quam
736 2299 876 2362 Hortensi
902 2307 962 2362 tam
987 2298 1132 2380 placabile
1159 2299 1196 2359 ad

241 2383 332 2443 iustas
354 2399 459 2462 preces
477 2383 629 2460 ingenium
648 2383 761 2461 pariter
776 2383 855 2462 plebi
873 2381 1066 2463 patribusque
1085 2384 1196 2460 gratius

243 2466 306 2526 luit.

192 2567 224 2620 10
303 2549 369 2610 Non
391 2549 502 2610 diutius
524 2550 643 2610 fortuna
663 2551 770 2628 Aequis
791 2549 927 2620 indtdsit,
951 2552 1002 2629 qui
1029 2549 1195 2626 ambiguam

209 2647 223 2698 1
241 2634 393 2693 victoriam
404 2632 578 2710 vulscorum
590 2651 646 2712 pro
658 2651 711 2694 sua
723 2631 849 2712 amplexi
864 2633 990 2694 luerent.
1011 2632 1110 2694 XLHl.
1122 2633 1195 2693 Pro-

242 2718 321 2776 ximo
347 2732 424 2777 anno
447 2715 533 2776 Num.
553 2715 645 2776 Fabio
664 2714 809 2776 Vibulano
832 2717 865 2777 T.
884 2714 1020 2786 Quinctio
1042 2714 1196 2796 Capitolini

241 2799 302 2859 lllio
317 2797 480 2878 Capitolino
496 2797 667 2859 consulibus
682 2799 772 2860 ductu
789 2798 876 2870 Fabi,
902 2801 950 2860 oui
973 2808 1053 2862 sorte
1073 2817 1107 2860 ea
1126 2816 1195 2878 pro·

208 2883 335 2942 nuncia
346 2888 502 2952 evenerat,
517 2879 590 2940 nthit
608 2882 729 2959 dignum
741 2891 907 2944 memoratu
923 2883 1030 2944 a'ctum.
1053 2900 1120 2944 cunr
1137 2892 1195 2942 tre·
1270 2925 1271 2928 ,

141 2969 142 2972 ’
241 2965 340 3044 pidam
355 2970 471 3024 tantum
490 2964 687 3027 ostendissent
702 2967 795 3027 aciem
809 2968 917 3044 Aequi,
942 2967 1023 3046 turpi
1043 2967 1112 3044 luga
1129 2966 1194 3025 lun·
1270 2957 1271 3002 ³

242 3049 353 3110 dunttu
377 3047 455 3108 haud
478 3063 586 3126 magno
609 3048 737 3110 consulis
753 3049 871 3110 decore.
905 3051 1005 3128 itaque
1027 3047 1197 3127 triumphus
1269 3049 1271 3106 l

241 3141 381 3210 negatus;
404 3139 537 3193 ceterum
553 3131 591 3192 ob
609 3132 841 3210 Sempronianae
862 3132 952 3194 cladis
969 3130 1093 3194 levatam
1112 3133 1196 3210 igno·

242 3218 363 3276 minium
378 3221 411 3276 ut
424 3233 514 3276 ovans
530 3214 635 3276 urbem
650 3217 777 3276 intraret
791 3233 965 3278 concessum
984 3223 1036 3278 est.

207 3318 224 3370 a
305 3297 584 3370 Quemadmodum
605 3297 717 3360 bellum
731 3301 847 3360 minore
870 3317 959 3378 quam
978 3302 1138 3360 timuerant
1153 3297 1197 3357 di·
1270 3349 1271 3356 .

242 3383 398 3442 miratione
414 3389 478 3443 erat
489 3383 671 3460 perlectum,
697 3383 740 3443 sic
759 3385 791 3444 in
805 3382 881 3444 urbe
896 3401 932 3444 ex
947 3380 1107 3462 tranquillo
1127 3398 1195 3441 nec·
1270 3361 1271 3412 l

243 3465 361 3543 opinata
378 3463 471 3526 moles
486 3465 700 3526 discordiarum
715 3468 792 3530 inter
803 3464 923 3548 plebem
935 3485 970 3528 ao
980 3474 1082 3546 patros
1097 3474 1194 3526 exorta
