2548 3954
218 185 258 248 30
370 198 467 240 ornan
481 198 501 238 1.
539 197 609 240 cnr.
625 187 668 242 at.
684 190 728 244 ta.
745 181 785 259 [a.
804 201 832 240 u.
851 201 876 239 c.
894 181 1005 256 att-rra]
1025 175 1029 178 ’

213 355 337 424 ternpus,
352 343 471 410 ordines
486 342 619 422 explicat.
644 345 800 408 consilium
816 351 887 416 erat,
902 362 960 422 uua
971 345 1088 410 fortuna
1100 365 1166 413 rem

184 431 310 498 ramat,
334 445 368 491 ca
382 425 527 492 inclinare
544 429 631 492 rircn
655 429 797 492 miraculo
816 431 913 508 primo
935 447 999 492 esse
1013 429 1165 499 Romanis,

147 579 149 582 ,
213 515 265 590 qni
279 511 407 590 proximi
421 517 576 580 steterant,
598 517 630 571 ut
647 513 753 576 nudari
772 511 863 582 latera
884 527 936 575 sua
955 514 1105 576 sociorum
1120 513 1163 576 di

213 613 316 675 gressu
339 601 509 662 senserunt;
536 594 604 657 inde
624 613 715 673 eques
737 597 825 658 citato
851 613 926 674 equo
953 597 1069 659 nannet
1088 598 1164 673 uagi,

109 754 113 763 Ι
132 690 194 816 χε
213 679 295 742 abira
309 677 446 743 Albanos.
473 675 575 738 Tullus
589 679 620 742 in
635 697 669 742 re
683 680 797 758 trepida
812 680 969 742 duodecim
981 681 1057 742 vovit
1069 678 1164 743 sonos

211 763 338 840 fanaque
352 759 462 828 autori
475 778 510 825 ao
525 760 640 826 Pauori.
670 765 798 840 equitem
813 762 892 826 clara
908 755 1164 841 increpancvoce,

211 853 243 906 ut
256 845 355 909 hostes
369 843 554 914 exaudirent,
575 843 674 912 reduc
689 847 720 909 in
735 840 882 924 proelium
896 845 993 917 iubet,
1015 845 1089 910 niun
1103 853 1164 908 tre·

211 929 360 1008 pidauonc
375 945 449 1004 opru
466 945 546 996 esser
562 945 616 994 suo
631 931 713 994 iussu
728 930 911 992 circumduci
921 928 1067 997 tlboamm
1079 947 1164 993 excr-

211 1013 310 1081 citum,
327 1017 360 1071 ut
374 1009 557 1078 Fidenatium
572 1013 650 1078 nuda
665 1020 750 1091 terga
763 1013 909 1074 invadant.
932 1013 1018 1078 idem-
1027 1015 1163 1092 imperat,

176 1103 243 1160 ant
257 1094 356 1168 hastan
376 1095 490 1172 equites
510 1096 667 1173 erigerent.
698 1097 729 1166 id
751 1095 861 1166 iactum
880 1113 1004 1174 magnae
1018 1098 1096 1176 parti
1109 1113 1163 1174 nc-

211 1181 304 1250 ditum
319 1179 521 1248 Romanorum
536 1187 728 1259 conspectum
747 1179 883 1243 abeunt'n
897 1179 1163 1242 autmundus

210 1263 412 1342 intonsaopsitr
435 1263 487 1340 qui
501 1263 648 1334 viderant,
671 1265 702 1326 id
717 1264 796 1340 quod
815 1263 852 1326 ab
867 1280 938 1341 rege
952 1263 1084 1325 auditum
1101 1271 1164 1325 erat

209 1350 275 1418 rati,
291 1365 328 1410 co
342 1347 440 1408 acrius
453 1354 594 1424 pugnam.
625 1355 724 1410 terror·
739 1347 777 1410 ad
793 1346 895 1412 hostes
906 1349 1024 1410 transit:
1042 1346 1163 1409 ataudi·

210 1440 312 1492 verant
326 1429 405 1493 clara
420 1447 493 1491 voce
508 1430 634 1502 dictum,
656 1439 685 1492 ct
699 1447 804 1508 magna
821 1448 893 1509 paro
909 1430 1108 1500 Fidenatium,
1131 1437 1164 1490 ut

163 1527 193 1578 to
210 1515 261 1592 qui
278 1511 375 1574 unioni
390 1512 480 1573 additi
493 1513 634 1578 Romanis
648 1521 755 1584 essem,
770 1513 872 1576 Latine
887 1513 1027 1576 sciebant.
1053 1514 1163 1590 itaque,

209 1615 247 1658 ne
270 1594 367 1657 subito
389 1613 424 1655 cx
446 1594 571 1658 collibus
591 1597 720 1668 doctusu
733 1596 915 1660 maenarum
929 1595 1163 1661 intercluderen-

211 1689 258 1743 tur
275 1679 311 1740 ab
326 1678 445 1756 oppido,
460 1686 542 1757 terga
557 1688 682 1744 vertunt
715 1681 803 1744 instat
817 1679 919 1742 Tullus
937 1681 1062 1758 fusoque
1075 1679 1162 1744 Fide·

209 1765 321 1828 nntium
337 1779 432 1826 ccrnu
446 1763 478 1827 in
491 1763 643 1830 Veientem
658 1763 756 1828 alieno
776 1781 885 1843 parcre
899 1763 1069 1842 perculsum
1083 1762 1162 1824 iero·

198 1849 273 1912 cior
294 1845 379 1910 redit.
413 1863 470 1916 nac
491 1845 536 1907 illi
556 1847 652 1910 tulere
670 1850 827 1926 impetum,
850 1848 903 1910 sed
923 1847 964 1910 ab,
982 1847 1075 1910 effusa
1093 1847 1161 1923 iuga

161 1929 191 1980 11
210 1930 320 1992 numen
343 1927 491 1995 obiectum
510 1929 546 1994 ab
567 1939 651 2010 tergo
673 1931 801 1995 arcebat
831 1948 889 2008 quo
912 1939 1067 2009 postquam
1092 1931 1162 2007 iuga

209 2013 374 2082 inclinarit,
395 2012 445 2075 alii
466 2031 547 2079 arma
569 2015 657 2078 foedo
671 2017 812 2080 inclames
826 2015 858 2076 in
875 2032 981 2092 aquam
996 2015 1076 2076 caeci
1092 2031 1162 2074 ruc-

210 2097 294 2166 bant,
317 2096 382 2166 otri,
404 2095 474 2160 dum
490 2105 665 2160 cunctantur
679 2101 711 2158 in
724 2100 813 2177 ripis,
837 2099 915 2159 inter
928 2097 1015 2176 fugae
1031 2113 1162 2176 pugnac-

209 2197 268 2257 quc
291 2179 447 2322 consfilinm
466 2179 610 2258 canosa.
650 2199 710 2242 non
731 2181 788 2245 alia
815 2188 883 2244 ante
907 2181 1038 2244 Romana
1062 2197 1161 2262 pugna

209 2265 337 2324 auctior
364 2265 416 2324 uit.

177 2351 189 2400 1
267 2345 392 2408 XXVIII.
415 2345 491 2410 ruo
505 2344 637 2410 tibanus
648 2351 804 2419 exercituo,
821 2355 970 2426 spectator
982 2348 1161 2419 certaminis,
1268 2323 1269 2348 Χ

208 2428 350 2493 deductus
373 2427 405 2492 iu
427 2447 556 2508 canopos.
588 2431 706 2496 Mettius
724 2432 809 2494 Tullo
832 2431 962 2496 devictos
978 2431 1079 2496 husten
1093 2448 1162 2509 gra·

207 2511 325 2583 tutatur,
344 2519 447 2576 contra
460 2513 564 2578 ruico
577 2515 710 2582 Mettium
725 2515 853 2593 benigne
872 2515 1050 2593 autooutnr.
1081 2515 1160 2592 quod

207 2595 284 2658 bena
304 2603 411 2666 uertat,
432 2596 673 2662 castra'tilbanos
689 2599 830 2662 Romanis
852 2599 956 2662 castris
973 2600 1097 2677 Iungere
1114 2599 1162 2660 iu·

174 2683 189 2732 2
206 2678 271 2748 bct;
287 2681 466 2744 sacrificium
481 2680 602 2744 lustrale
617 2685 649 2744 in
665 2683 743 2744 diem
761 2689 911 2761 posterum
926 2689 1018 2762 parat
1050 2680 1102 2746 ott
1113 2683 1160 2744 in·

208 2762 294 2836 quit,
320 2765 430 2842 paratio
447 2764 600 2836 omnibus,
626 2773 659 2828 ut
673 2765 799 2837 adsolet,
826 2767 926 2828 vocari
939 2767 975 2828 ad
990 2767 1160 2828 contionem
1268 2769 1269 2838 j

207 2852 365 2924 utrumque
385 2849 547 2910 exercitum
567 2848 657 2912 iubet.
693 2867 857 2929 praecones
878 2847 915 2911 ab
941 2857 1070 2912 extremo
1097 2849 1160 2911 orei
1268 2847 1269 2906 i

206 2930 319 3007 primos
342 2930 477 2993 excivere
496 2930 633 2994 tibanus.
663 2935 685 2994 ii
706 2935 834 2996 noriutc
856 2936 945 2996 etiarn
961 2934 1007 2996 rei
1020 2932 1112 3000 noti,
1126 2941 1162 2994 ut

206 3029 308 3090 regem
324 3013 489 3076 Romanum
505 3017 723 3080 contionantem
737 3017 887 3087 audirent,
908 3016 1036 3096 proximi
1052 3017 1161 3080 conui-

174 3103 279 3159 3tere.
310 3116 346 3161 ex
370 3099 522 3177 conposito
550 3108 660 3164 minata
687 3101 885 3162 ciccumdatnr
911 3100 1042 3162 Romana
1070 3098 1158 3176 tegio.

208 3181 431 3246 centurionibus
446 3183 546 3246 tantm
560 3185 712 3261 negotium
726 3191 797 3254 crat,
815 3193 847 3246 ut
860 3186 924 3246 sine
941 3201 1024 3244 mora
1035 3182 1160 3262 irnpcna

174 3274 189 3320 4
207 3273 433 3341 aequaturum.
460 3274 525 3329 tum
544 3267 584 3328 ita
595 3267 698 3330 Inulae
708 3268 786 3328 infit:
802 3268 964 3339 „Romani
983 3269 1009 3328 si
1020 3282 1160 3342 umquam

208 3355 275 3408 ante
293 3347 365 3410 aiios
381 3348 439 3409 otto
455 3352 487 3412 in
500 3349 580 3412 beIIn
591 3350 655 3422 suit
667 3351 748 3429 quod
757 3353 885 3430 prinum
898 3351 943 3412 dis
953 3347 1160 3418 inmortalibus

207 3431 315 3508 gratias
325 3435 460 3506 agareus,
479 3433 586 3495 deinde
596 3443 710 3498 rosnae
722 3438 854 3514 ipsorum
866 3436 974 3503 virtuti,
987 3433 1160 3496 hesternum
