2522 3954
275 180 323 272 nb
343 225 414 272 r1r1
432 225 520 272 Ltvtt
536 223 619 271 VITA
634 223 679 270 ΕΤ
696 222 859 272 scurrula.
986 224 1047 272 XIX

83 403 171 461 aeque
194 395 285 440 tamen
309 381 418 438 nomina
439 382 575 457 apposnit.
619 381 703 439 llulto
723 390 813 440 autem
836 381 944 458 saepius
967 400 1045 458 quam

83 479 175 545 partes
192 466 319 541 singulos
333 463 419 522 libros
431 466 486 522 sive
502 464 637 522 volumina
652 474 681 522 et
696 467 754 541 ipse
767 467 857 524 Livius
874 476 903 524 et
916 483 1047 541 gramma·

85 553 129 612 tici
149 557 381 612 commemorant,
397 555 428 606 ut
446 566 497 624 pro
511 556 588 606 certo
604 549 697 606 haberi
719 551 809 624 possit
826 551 860 606 ab
876 551 937 625 ipso
952 558 1048 608 autore

84 639 111 694 in
133 653 197 700 eos,
221 652 292 708 quos
311 643 358 691 aut
378 650 450 690 nunc
468 632 597 690 habemns
613 642 660 690 aaut
676 651 708 690 en
719 634 856 708 periochis
877 633 941 692 olim
963 634 1047 692 luisse

84 719 186 778 scimus
205 716 306 779 libros,
328 725 414 774 totum
437 734 507 792 opus
531 735 591 774 esse
608 717 732 775 divisum.
764 717 864 776 Conna
883 718 911 774 in
926 719 1046 782 decades,

85 820 154 878 quae
175 801 290 878 partitio
313 800 438 875 pluribus
461 801 610 859 editoribus
631 801 747 876 placuit,
770 819 859 876 neque
882 803 940 877 ipse
957 801 1047 858 Livius

84 903 173 962 neque
192 885 263 942 alius
284 885 426 958 quisquam
448 893 569 942 veterum
592 883 678 942 libros
699 886 851 950 distribuit,
868 887 915 943 scd
930 887 1043 961 primun

84 988 177 1028 samm
190 969 336 1043 vestigium
350 969 378 1024 in
394 967 510 1043 epistula
526 969 639 1044 quadam
655 963 796 1043 Gelasii⁴⁵)
812 971 859 1044 qui
874 988 899 1028 a.
913 977 964 1031 492
979 988 1035 1046 pon

84 1055 151 1112 tilex
165 1055 266 1112 Romae
279 1055 366 1110 lactus
381 1061 431 1116 est,
447 1053 591 1128 reperitur,
607 1053 768 1128 videturque
779 1061 807 1111 ct
818 1063 933 1130 propter
944 1053 1046 1129 magni·

85 1139 207 1196 tudinem
226 1136 318 1212 operis
337 1144 364 1193 et
384 1143 499 1211 propter
522 1153 579 1192 cam
602 1154 710 1194 causam
732 1137 803 1196 iacta
823 1155 897 1202 esse,
923 1139 995 1213 quod
1013 1139 1047 1195 ab

84 1222 162 1279 libris
180 1222 235 1278 XXI
250 1229 278 1278 et
293 1221 370 1276 lllllll
383 1237 467 1277 novae
481 1227 573 1295 partes
589 1221 680 1295 operis
697 1222 869 1286 inchoantur,
885 1238 1046 1296 quamquam

84 1307 150 1362 haec
170 1314 242 1361 iusta
264 1321 344 1362 eausa
370 1303 444 1360 illius
468 1303 624 1376 partitionis
644 1304 739 1364 haberi
761 1321 816 1361 non
839 1313 946 1378 potest,
975 1307 1045 1379 quod

85 1391 166 1446 etiam
179 1388 227 1445 lib.
236 1387 303 1451 Vll
319 1395 347 1444 ct
362 1387 454 1450 vttao
468 1385 571 1444 similes
585 1394 669 1462 atque
682 1386 722 1443 illi
738 1387 839 1444 habent
853 1388 1045 1462 praefationes.

143 1473 257 1528 'lentam
277 1470 411 1527 librorum
431 1470 529 1527 molem
550 1487 601 1544 per
622 1479 707 1528 totam
722 1472 803 1528 vitam
818 1472 848 1528 in
865 1472 973 1530 scriniis
989 1489 1047 1530 ser-

85 1573 145 1613 vare
166 1564 195 1614 ot
210 1553 372 1613 occultatam
390 1553 489 1612 habere
510 1553 631 1611 noluisse
657 1555 704 1612 sed
719 1554 850 1629 panlatim
867 1556 983 1614 edidisse
997 1573 1045 1614 cos

83 1649 111 1696 et
132 1657 182 1714 per
205 1657 235 1696 se
254 1637 382 1697 credibile
398 1645 441 1695 est
465 1646 493 1694 et
507 1639 675 1711 argumentis
692 1639 799 1695 videtur
823 1639 934 1714 probari
954 1657 1045 1714 posse.

84 1723 226 1780 Prooemia
246 1723 333 1785 enim,
360 1739 428 1796 quae
445 1721 550 1795 aliquot
567 1720 644 1778 libris
661 1723 810 1796 praemissa
828 1738 887 1780 esse
912 1723 993 1780 modo
1006 1724 1046 1780 di·

85 1817 158 1864 :tum
173 1815 229 1870 est,
246 1807 339 1879 inepta
355 1822 420 1862 sene
441 1814 540 1868 essent,
557 1806 580 1862 si
596 1822 626 1862 ea
641 1805 769 1880 sibi-ipsi,
786 1823 842 1864 non
862 1807 904 1870 iis,
923 1807 969 1880 qui
984 1823 1046 1866 mcx

83 1891 182 1948 lecturi
198 1897 298 1952 essent,
311 1889 474 1963 scripsisset,
491 1896 518 1945 et
533 1889 651 1963 Augusti
667 1889 702 1946 dc
712 1890 779 1945 Liv'ii
794 1906 859 1962 erga
875 1890 1046 1964 optimatium

83 1983 175 2049 partes
191 1974 282 2031 studio
298 1981 325 2029 et
342 1973 428 2028 Asinii
436 1965 474 2045 46)
491 1973 524 2029 de
542 1972 599 2028 eius
614 1971 788 2046 patavinitate
803 1972 930 2030 indicium
952 1973 1045 2049 plures

84 2068 110 2116 et
127 2057 276 2133 ampliores
291 2063 383 2131 partes
398 2055 488 2131 operis
504 2061 566 2112 ante
577 2063 694 2112 mortem
708 2056 813 2113 autoris
824 2055 949 2129 pluribus
962 2057 1045 2114 luisse

82 2143 208 2218 cognitas
228 2136 374 2198 declarant.
417 2138 508 2196 Primo
533 2139 640 2212 quidem
661 2134 924 2212 recitationibus⁴⁷).
947 2141 1044 2215 quibus

82 2249 283 2260 —-————-==

147 2288 192 2346 45)
211 2289 269 2339 hdr.
288 2289 400 2339 hamum.
420 2289 480 2354 apud
493 2289 618 2339 Herculum
630 2290 656 2339 in
673 2303 727 2339 ann.
742 2290 862 2338 ecclesa.
877 2285 933 2346 496,
948 2296 1003 2338 tom.
1016 2287 1044 2338 h'l

81 2375 102 2421 p.
117 2357 168 2407 574
181 2356 219 2406 ed.
234 2357 315 2406 Coton.
333 2353 398 2405 1624
403 2370 410 2412 ;
428 2363 548 2419 praeterea
561 2355 662 2406 inveniri
675 2355 761 2406 dicitnr
772 2357 796 2406 in
809 2356 974 2417 martyrologio
987 2371 1044 2419 quo-

81 2426 136 2474 dam
154 2424 260 2473 eiusdem
278 2424 397 2488 temporis,
414 2437 436 2472 v.
450 2423 539 2472 Preller
549 2437 572 2486 p.
588 2420 666 2480 1122;
684 2424 772 2486 Grysar
782 2438 805 2486 p.
820 2423 890 2472 lllllll
902 2437 952 2486 sq.;
965 2423 1043 2472 llertz.

81 2507 101 2556 p.
115 2491 198 2542 xxxi.
216 2491 307 2540 Primus
324 2490 433 2540 Patrarea
450 2491 475 2540 ln
493 2490 560 2554 epist.
579 2490 609 2539 ad
626 2490 707 2540 loann.
725 2490 866 2540 Bcccaoium
883 2503 930 2538 non
947 2504 961 2538 a
978 2490 1043 2539 Livio

82 2561 176 2615 tactam,
189 2557 232 2608 sed
250 2557 405 2614 „fastidiosae
418 2557 542 2618 legentium
558 2557 681 2617 ignaviae‘
699 2555 761 2605 banc
778 2557 928 2619 partitionem
940 2555 1043 2606 tribuen-

81 2627 134 2675 dam
149 2639 203 2674 esse
213 2625 335 2681 intellexit,
348 2626 380 2674 ci.
394 2624 423 2673 de
436 2625 483 2674 otio
496 2631 519 2673 et
530 2623 625 2672 solitud.
639 2623 761 2687 qnorumd.
775 2623 846 2672 viror.
860 2637 882 2671 c.
895 2621 945 2672 llll
959 2631 987 2672 tr.
1001 2625 1030 2673 tl.

146 2689 191 2754 46)
212 2692 235 2742 ls
252 2693 328 2749 enim,
345 2707 399 2741 cnm
409 2691 553 2754 Hieronymo
574 2696 633 2740 teste
650 2691 681 2740 ad
693 2690 800 2740 chronic.
809 2689 971 2740 Eusebiannm
984 2705 1005 2740 a.
1018 2706 1041 2754 p.

81 2761 122 2810 Ch.
137 2758 154 2808 b
171 2764 278 2808 mortuus
290 2759 333 2815 sit,
345 2773 391 2809 nou
405 2765 477 2808 totum
489 2758 550 2808 tivit
563 2771 634 2821 opus,
647 2758 688 2806 sed
701 2772 740 2807 eas
753 2772 812 2822 quae
823 2759 865 2808 illo
877 2763 981 2822 tempore
992 2758 1042 2808 edi·

80 2834 118 2876 tae
129 2832 198 2875 erant
209 2833 288 2889 partes
300 2825 381 2876 videre
391 2826 473 2890 potnit,
485 2825 581 2876 r.Nieb.
594 2823 670 2874 schol.
687 2823 707 2882 l,
715 2824 760 2882 tii;
773 2825 850 2875 Hertz.
864 2826 924 2889 prol.
937 2825 957 2874 X
969 2841 991 2873 n.
1000 2823 1041 2874 50.

146 2891 191 2954 47)
211 2893 246 2944 Eo
263 2893 355 2944 ridetur
371 2894 489 2957 pertinere
505 2892 568 2956 qnod
580 2891 665 2942 Snides
677 2893 706 2948 ll,
720 2889 771 2942 ato
782 2892 819 2942 ed.
834 2891 970 2954 Bernhardy
987 2907 1006 2941 s.
1020 2907 1041 2941 v.

79 2957 243 3024 Κορνοῦτος
261 2959 290 3008 de
307 2961 474 3015 aemulatione,
491 2972 561 3023 quam
578 2960 640 3009 inter
658 2960 798 3017 Cornutum,
816 2973 884 3022 quem
900 2958 1042 3010 historicum

80 3028 145 3084 dicit,
159 3035 181 3076 ot
187 3027 279 3076 bivium
291 3027 455 3077 intercessisse
461 3026 588 3076 memoriae
599 3026 711 3089 prodidit,
724 3027 789 3076 illam
802 3025 955 3090 plnreshnnc
968 3026 1042 3086 magis

79 3095 185 3146 eruditos
198 3094 317 3144 auditores
325 3093 448 3151 habuisse;
461 3108 515 3144 nam
526 3107 573 3143 uon
584 3093 615 3144 do
626 3093 819 3157 pbilosophorum
830 3093 947 3142 simultate
958 3093 1001 3141 sed
1013 3093 1043 3142 de

79 3161 247 3212 historicorum
263 3161 442 3210 recitationibus
459 3162 496 3221 agi
513 3167 577 3209 reete
588 3160 751 3210 Therbeolrins
763 3160 792 3209 de
804 3161 830 3210 d.
843 3160 917 3208 Asinii
930 3159 1042 3210 Pollionis

79 3229 124 3278 dtu
141 3236 164 3278 et
180 3228 266 3278 studiis
283 3243 306 3292 p.
322 3225 368 3278 loe
386 3235 473 3278 censet.
498 3227 605 3277 Ceterum
621 3233 669 3276 tota
685 3227 744 3276 haee
761 3241 799 3276 res
815 3226 905 3276 incerta
918 3235 940 3275 et
951 3227 1040 3276 lubrica

80 3303 126 3352 est,
144 3295 207 3360 quod
219 3302 258 3344 aut
274 3296 349 3359 ipsius
366 3295 453 3346 Suldae
469 3300 508 3344 ant
524 3293 675 3344 librariorum
692 3295 760 3358 culpa
778 3295 892 3346 Cornutus
914 3293 1040 3344 historicus

80 3363 191 3412 conlusm
210 3369 246 3412 est
257 3375 310 3412 cnm
322 3362 476 3427 philosopho,
489 3363 528 3426 qui
540 3361 639 3411 Neronis
652 3368 755 3425 tempore
767 3361 858 3418 floruit,
872 3361 946 3412 Persii
959 3370 1041 3426 poetae

80 3437 241 3494 praeceptore.
266 3429 342 3488 Quare
359 3429 456 3480 Vossius
468 3428 498 3478 de
509 3428 564 3478 hist.
579 3429 618 3477 lat.
633 3428 655 3484 l,
668 3425 701 3478 2ss
718 3428 853 3493 philosophi
865 3437 953 3492 patrem
966 3429 1040 3478 histo·

80 3497 127 3546 rias
145 3497 283 3561 scripsisse.
302 3497 368 3548 Cret.
386 3497 461 3561 prael.
481 3511 504 3560 p.
518 3496 547 3544 11.
566 3503 613 3545 not.
632 3496 692 3545 inter
710 3496 768 3547 Livii
786 3497 860 3546 tilium
877 3503 899 3544 et
916 3496 1039 3546 Cornutum

846 3559 886 3618 b*
