2572 3956
239 231 335 274 stans
350 229 385 272 ιι.
410 229 482 276 car.
500 223 544 278 62.
557 224 599 278 63.
615 223 658 278 64.
683 213 728 296 [a.
747 212 923 296 (1.470468]
997 219 1060 294 123

103 380 200 460 gressi
213 384 334 458 postero
349 377 397 439 die
412 378 543 443 retulere
560 387 656 443 castra
670 382 823 443 intutiora
836 380 911 443 loca.
943 382 974 443 ld
988 383 1059 444 satis
1077 397 1093 448 t

103 461 221 526 consuli
235 463 347 531 visum
361 478 416 522 cur
434 479 490 542 pro
503 464 583 524 sicto
597 463 780 544 relinqueret
795 463 927 535 hostem,
943 465 1059 542 integre

102 547 174 609 inde
190 545 337 607 decedens
352 543 441 606 bello.

165 627 264 691 nxnt
290 628 372 690 Inter
386 627 460 692 haec
481 629 559 693 bella
578 638 716 694 manente
727 631 875 694 discordia
893 631 973 692 domi
988 647 1059 691 con·
1078 645 1092 697 1

101 713 184 777 sules
195 712 278 774 Titus
292 709 445 774 Numicius
456 713 577 776 Priscus
590 713 623 774 l.
638 714 795 791 Verginius
807 715 886 776 iacti.
909 730 971 774 non
981 713 1059 775 ultra
1076 733 1093 782 2

102 794 257 858 videbatur
270 793 367 855 latina
385 793 489 874 plebes
502 795 673 858 dilationem
687 798 821 874 agrariae
831 796 920 876 legis,
942 795 1058 857 ultima·

100 876 413 1024 ffipfffiffl’
428 897 517 1023 etseq:ti
511 877 634 940 Volscos
648 879 752 1024 offic
749 880 850 1024 e{tiemo
864 898 901 943 ex
913 879 1058 1022 incenqiis

270 980 290 1023 u
369 979 423 1022 ea
517 979 619 1023 umeo
835 979 1058 1024 caraman·

100 1063 167 1108 ram
192 1047 252 1106 iam
276 977 460 1106 agiliqtlilcncgrr
486 1062 522 1106 ac
549 979 878 1130 propgemerumpeutem
904 1046 1056 1124 repressit

101 1128 241 1191 consules
257 1127 352 1190 coacti
367 1127 514 1207 extemplo
535 1127 572 1189 ab
587 1135 692 1191 senatu
705 1129 743 1190 ad
763 1127 874 1190 bellum
896 1128 1001 1190 educta
1021 1145 1058 1189 ex
1075 1140 1092 1192 3

101 1211 178 1275 urbe
197 1213 347 1274 iuventute
365 1210 606 1290 tranquilliorem
621 1219 751 1274 ceteram
769 1210 888 1291 piebem
911 1211 1056 1272 iecerunt

101 1307 132 1359 et
148 1295 250 1357 hostes
269 1293 388 1374 qmdem
404 1293 480 1355 nihil
493 1294 573 1355 alud
591 1312 681 1374 mam
701 1294 830 1374 perfusis
851 1311 926 1354 vano
951 1295 1092 1357 umores

99 1379 242 1442 Romania
258 1378 347 1438 citato
369 1379 487 1461 agmine
502 1377 622 1440 absum.
651 1377 804 1439 Numicius
818 1377 938 1438 Antium
954 1375 1057 1438 adver·
1073 1393 1091 1446 s
1120 1416 1125 1427 ι

99 1481 152 1526 sus
167 1460 304 1532 Volscos,
324 1462 480 1540 Verginius
501 1467 606 1523 contra
621 1462 739 1540 Aequos
758 1461 919 1540 proiectus.
952 1457 996 1520 ibi
1020 1477 1056 1522 ex

99 1545 218 1608 insidiis
238 1561 334 1625 prope
352 1561 459 1624 magna
483 1552 605 1625 accepta
626 1543 709 1606 clade
731 1545 828 1628 virtus,
845 1543 971 1604 militnm
991 1561 1056 1605 rem

98 1627 270 1711 prolapsam
290 1627 476 1707 neglegentia
495 1627 627 1690 consulis
649 1629 786 1690 restituit
816 1626 923 1689 melius
938 1628 971 1687 in
988 1625 1055 1687 Vol·
1073 1638 1090 1690 6

98 1714 356 1858 {liciniis
373 1709 1055 1874 titiiftiiilttliitiniiititi

100 1897 190 1960 qnam
202 1877 306 1940 consul
320 1841 494 1958 oppugnare
509 1896 569 1940 non
592 1841 685 1940 ausus
697 1878 881 1947 Caenonem,
903 1875 985 1937 allud
1002 1894 1055 1955 op·

97 1961 202 2043 pidum
221 1979 409 2040 nequaquam
428 1969 489 2023 tam
510 1961 697 2042 opulentum,
715 1959 753 2020 ab
774 1959 941 2022 Antiatibus
965 1960 1053 2038 cepit.

99 2047 171 2108 dnm
186 2045 281 2124 Aequi
300 2044 456 2125 Volscique
474 2045 625 2107 Romanos
645 2045 793 2106 exercitus
813 2050 930 2114 tenent,
953 2041 1088 2104 Sabinis

98 2146 194 2208 usqne
211 2129 249 2189 ad
265 2135 366 2208 portas
381 2127 466 2190 urbis
477 2127 663 2209 ‘populantes
677 2129 837 2190 incessere·
868 2126 978 2189 deinde
998 2126 1056 2204 ipsi
1071 2128 1076 2135 '

98 2212 201 2292 paucis
224 2218 291 2291 post
309 2210 415 2274 diebus
438 2212 475 2273 ab
495 2211 612 2274 duobus
631 2209 826 2282 exercitibus,
851 2217 978 2289 utroque
999 2225 1055 2288 per

96 2300 175 2357 iram
191 2293 313 2356 consule
328 2296 462 2373 ingresso
477 2297 602 2367 inlinis,
617 2295 685 2375 plus
700 2293 830 2356 cladium
844 2311 933 2374 mam
945 2291 1054 2354 intule-

96 2386 166 2440 rant
180 2385 367 2458 acceperant

160 2461 256 2522 nntv.
287 2461 426 2524 Extremo
440 2479 518 2524 anno
533 2463 616 2541 pacis
632 2461 744 2541 aliquid
758 2461 828 2531 init,
847 2460 915 2530 sed,
929 2466 963 2519 ut
975 2475 1053 2521 sem·
1072 2471 1086 2522 t

95 2563 153 2627 per
163 2543 245 2616 alias,
258 2544 402 2608 sollicitae
412 2548 495 2626 pacis
507 2547 669 2607 certamine
682 2553 801 2624 patrum
812 2550 842 2604 ct
851 2541 957 2622 plebis.
978 2542 1053 2603 nata

95 2627 183 2709 plebs
204 2629 349 2691 iuteresse
364 2627 571 2691 consularibus
594 2629 722 2689 comitiis
743 2625 853 2688 noluit:
880 2643 936 2706 per
954 2632 1087 2704 petrosa

97 2712 280 2791 clientesque
295 2718 412 2792 patrum
426 2711 565 2774 consules
579 2713 671 2774 creati
682 2711 716 2772 Τ.
732 2707 888 2780 Quinctius
903 2706 938 2778 0.
954 2708 1052 2772 Servi·

95 2795 164 2858 lius
197 2794 325 2857 smssem
346 2813 457 2858 annum
480 2795 575 2876 priori
595 2795 732 2857 consules
757 2792 884 2864 liabent,
913 2793 1053 2855 seditiosa

95 2879 196 2949 initia,
212 2877 291 2940 bello
302 2879 411 2942 deinde
427 2886 549 2942 exteram
564 2877 730 2958 tranquilla.
752 2875 871 2948 Sabini,
890 2875 1086 2938 Crustumi-t

95 2959 945 3123 {dictinctionisintimitatis
957 2960 1052 3122 tiit

97 3127 210 3190 Collina
224 3127 440 3207 moenibusque
453 3127 533 3208 pulsi
549 3129 685 3206 ingentes
700 3135 799 3190 umen
814 3126 939 3206 praedas
954 3124 1050 3186 homi·

96 3228 169 3273 nann
196 3229 398 3294 pecorumque
420 3229 517 3291 cgere.
554 3228 629 3290 qnos
652 3209 794 3274 servilius
813 3207 916 3272 consul
942 3206 1086 3270 iniectos

96 3297 229 3358 exercitu
248 3297 399 3358 insecutus
421 3297 519 3374 ipsum
541 3294 661 3373 quidem
681 3310 787 3372 agmen
806 3291 930 3372 adipisci
950 3290 1052 3370 aequis

95 3377 171 3440 locis
188 3395 250 3440 non
264 3380 374 3457 potuit:
392 3377 614 3459 populationem
628 3377 702 3439 adeo
719 3378 811 3440 ciluse
825 3375 911 3446 iecit,
929 3381 963 3438 ut
977 3369 1052 3434 niliii

94 3459 176 3524 bello
196 3463 339 3524 mtactum
367 3461 567 3541 relinqueret,
595 3459 811 3542 multiplicique
835 3463 919 3540 capta
941 3457 1052 3539 praeda
