2580 3954
307 205 402 247 ursan
416 205 459 246 ιν.
484 203 554 246 cur.
570 194 595 248 6·
608 193 634 248 'i-
661 183 703 264 [a.
721 183 755 245 G.
769 195 828 248 Alc.
843 183 902 264 tlt]
1018 189 1079 252 203

126 351 247 416 foedere
260 354 319 413 icto
332 369 400 412 eum
415 347 501 428 plebe
514 357 718 412 sacrosanctos
726 351 918 430 accepissent.
940 367 994 428 per
1006 349 1079 412 haec
1096 359 1114 408 ti

126 435 247 498 consilia
268 453 302 495 eo
320 434 445 495 deducta
457 442 501 494 ost
514 453 578 504 res,
597 441 630 494 ut
644 434 779 495 tribunos
793 433 919 494 militum
931 432 1080 493 consulari

126 524 272 598 potestate
288 518 457 595 promiscue
473 535 508 578 ex
525 516 659 597 patribus
674 536 708 578 ac
723 517 810 595 plebe
826 519 922 578 creari
936 517 1078 585 sinerent,

126 604 164 665 de
185 600 357 664 consulibus
380 600 515 662 creandis
533 600 606 661 nihil
623 607 804 668 mutaretur:
829 617 924 678 coque
951 602 1079 660 contenti

126 685 254 754 tribuni,
275 691 413 744 contenta
433 682 518 761 plebs
541 684 605 745 luit
640 685 761 746 Comitia
782 681 908 744 tribunis
929 682 1079 744 consulari
1098 696 1194 748 nov·-

126 774 271 848 potestate
288 766 383 828 tribus
405 767 541 829 creandis
562 767 743 829 indicuntur.
773 765 881 846 quibus
895 767 1014 828 indictis
1030 785 1079 826 ex·

127 850 237 931 templo
260 852 438 929 quicumque
461 850 572 929 aliquid
593 851 734 913 seditiose
757 851 871 912 dixerat
896 858 946 910 aut
969 850 1081 912 lecerat

125 951 281 1011 umquam,
299 935 426 996 maxime
437 933 603 1005 tribunicii,
621 941 650 996 et
664 952 806 1013 prensare
815 934 950 995 homines
963 939 994 994 et
1010 949 1079 994 con·

125 1035 247 1080 cursare
268 1023 331 1078 toto
352 1017 417 1077 loro
438 1018 585 1080 candidati
602 1036 744 1096 coepere,
764 1025 796 1078 ut
816 1019 956 1096 patricios
976 1016 1079 1094 despe-
1101 1026 1133 1076 to

125 1101 200 1162 ratio
214 1101 310 1178 primo
333 1101 450 1162 inritata
472 1100 560 1179 plebe
581 1101 732 1179 apiscendi
752 1100 891 1170 honoris,
914 1100 1019 1162 deiude
1035 1100 1079 1158 in-

126 1185 270 1262 dignatio,
297 1185 322 1244 si
343 1201 410 1245 cum
431 1182 478 1246 his
502 1185 649 1262 gerendus
671 1190 748 1246 esset
766 1183 877 1253 honos,
904 1183 1078 1244 deterreret.

126 1274 276 1346 postremo
292 1269 387 1328 coacti
404 1275 501 1328 tamen
523 1266 734 1346 aprimoribus
748 1269 876 1347 petiere,
896 1284 935 1328 ne
957 1267 1080 1330 cessisse

124 1351 311 1430 possessione
322 1350 368 1412 rei
381 1349 517 1428 publicae
533 1351 711 1412 riderentur.
741 1358 862 1414 eventus
876 1351 1079 1411 eorumcorni·
1102 1361 1128 1409 tl
1152 1386 1154 1391 .

125 1437 234 1496 dorum
248 1433 349 1495 docuit
364 1431 438 1496 alios
450 1436 564 1496 animos
579 1436 611 1495 in
625 1435 812 1496 contentione
828 1433 972 1495 libertatis
985 1433 1080 1510 digni·

125 1519 266 1596 talisque,
294 1515 367 1580 alios
386 1516 550 1580 secundum
568 1518 701 1597 deposita
720 1518 881 1579 certamina
906 1517 1079 1594 incorrupto

124 1601 234 1663 iudicio
249 1617 329 1662 csse:
344 1599 480 1664 tribunos
492 1603 570 1663 enim
585 1619 689 1664 omnes
705 1603 847 1680 patricios
862 1602 970 1663 creavit
985 1617 1079 1678 popu·

124 1683 186 1755 lus,
213 1691 368 1746 contentus
389 1703 440 1754 eo,
465 1685 543 1762 quod
564 1687 638 1747 ratio
662 1684 760 1746 habita
782 1683 968 1764 plebeiorum
993 1688 1078 1744 esset.

124 1768 202 1830 harro
223 1767 396 1830 modestiam
417 1769 653 1848 aequitatemque
669 1775 698 1830 et
715 1767 899 1830 altitudinem
919 1768 1009 1828 annui
1030 1763 1079 1826 ubi
1101 1769 1130 1817 1²

125 1852 247 1912 nuncin
261 1868 321 1912 uno
335 1852 499 1921 inveneris,
521 1870 596 1930 quae
611 1859 674 1912 tum
690 1849 792 1930 populi
810 1853 939 1914 universi
953 1851 1018 1912 iuitl
1120 1857 1122 1862 '

188 1934 247 1994 Vll.
270 1935 354 1996 Anno
366 1937 572 1996 trecentesimo
585 1935 699 1997 decimo
716 1953 804 2013 quam
817 1933 888 1996 urbs
901 1935 994 1994 Roma
1010 1950 1080 1994 cou-
1101 1950 1112 1998 r
1189 1939 1192 1946 '

125 2025 185 2080 mia
203 2025 266 2078 crat
290 2019 419 2096 primum
441 2017 554 2080 tribuni
570 2017 696 2079 militum
719 2037 773 2096 pro
796 2016 967 2080 consulibus
988 2017 1079 2092 magi-

125 2109 249 2164 stratum
275 2103 380 2163 ineunt
410 2104 442 2162 A.
468 2101 661 2180 Sempronius
684 2103 839 2163 Atratinus
863 2102 895 2162 L.
921 2099 1023 2162 Atilius
1045 2099 1078 2160 T.

125 2183 283 2255 Caecilius,
301 2203 428 2264 quorum
448 2187 480 2246 in
503 2187 675 2263 magistratu
697 2186 857 2246 concordia
876 2185 956 2248 domi
976 2201 1080 2262 pacem

126 2269 213 2332 etiarn
229 2268 302 2330 loris
315 2268 463 2349 praebuit.
498 2276 568 2330 sunt
588 2271 639 2348 qui
659 2275 783 2347 propter
804 2269 950 2330 adiectum
966 2270 1115 2345 Aequo-2

112 2369 193 2414 ¹rum
216 2351 446 2431 Volscorumque
466 2351 546 2415 bello
570 2359 599 2415 et
614 2353 783 2414 Ardeatium
800 2351 959 2414 defectioni
976 2353 1082 2412 Veiens

125 2433 251 2505 bellum,
268 2437 336 2514 quia
348 2435 406 2498 duo
421 2434 559 2498 consules
570 2435 655 2499 obire
666 2443 711 2496 tot
721 2434 809 2496 simul
822 2433 900 2496 bella
915 2437 1081 2513 nequirent,

125 2518 262 2580 tribunos
282 2518 408 2580 militum
422 2525 484 2580 tres
504 2526 619 2581 creatos
640 2519 739 2580 dicant
759 2519 824 2580 sine
840 2519 990 2579 mentione
1012 2535 1082 2595 pro-

125 2600 272 2680 mulgatae
287 2600 362 2680 legis
377 2602 413 2664 de
429 2601 600 2665 consulibus
618 2601 755 2664 creandis
770 2620 807 2664 ex
821 2600 924 2679 plebe,
946 2608 976 2662 et
989 2602 1083 2678 impe·

124 2687 172 2747 rio
193 2692 222 2747 et
242 2683 408 2764 insignibus
426 2684 632 2748 consularibus
654 2704 733 2747 usos.
766 2703 826 2746 non
845 2694 943 2746 tamen
961 2703 1016 2762 pro
1033 2686 1117 2744 tir-t

126 2775 205 2830 mato
224 2769 284 2830 iarn
303 2770 385 2831 stetit
405 2769 593 2846 magistratus
617 2771 680 2832 eius
700 2770 761 2848 ius,
783 2770 852 2846 quia
869 2770 958 2830 tertio
981 2785 1083 2830 mense

126 2869 216 2931 quam
234 2853 366 2914 inierunt
384 2870 532 2931 augurum
555 2854 675 2915 decreto
696 2853 820 2932 perinde
840 2870 875 2913 ac
896 2854 965 2914 vitio
991 2852 1083 2914 creati

125 2935 241 2996 bonore
255 2935 371 3006 abiere,
386 2937 465 3014 qnod
482 2937 512 2998 G.
530 2937 662 3007 nunus,
678 2937 730 3014 qui
743 2937 870 2998 comitiis
882 2954 986 2998 eorum
996 2951 1082 3014 prae-

125 3018 238 3088 fuerat,
259 3035 364 3098 parum
379 3025 461 3081 recte
482 3019 708 3082 tabernaculum
722 3021 858 3099 cepisset.
876 3019 1030 3096 —.Legati
1045 3017 1082 3076 ab
1102 3022 1117 3068 t

125 3101 302 3169 Ardeatibus
318 3101 443 3162 Romam
456 3112 602 3166 venerunt
614 3106 655 3165 ita
670 3102 708 3164 de
721 3103 830 3163 iniuria
846 3108 1018 3180 querentes,
1040 3109 1082 3170 ut,

126 3187 152 3246 si
167 3186 337 3248 demeretur
353 3203 402 3255 ea,
416 3185 449 3244 in
459 3186 581 3249 loedere
592 3194 681 3266 atque
691 3187 819 3246 amicitia
832 3202 986 3246 mansuros
999 3185 1083 3245 resti·

127 3276 190 3330 tuto
208 3287 279 3347 apro
297 3277 464 3348 appareret
497 3269 534 3330 ab
552 3279 658 3332 senatu
676 3286 854 3347 responsum
877 3273 923 3330 est
942 3267 1083 3330 iudicium

127 3351 230 3432 populi
245 3353 377 3414 rescindi
400 3350 436 3413 ab
455 3360 560 3416 senatu
582 3372 642 3415 non
657 3370 760 3432 posse,
784 3350 1083 3432 praeterquamquod

127 3434 209 3496 nullo
224 3454 280 3498 uec
297 3435 431 3516 exemplo
443 3456 499 3500 nec
514 3439 580 3500 iure
594 3438 695 3508 fieret,
711 3437 887 3499 concordiae
904 3437 992 3498 etiarn
1004 3435 1085 3495 ordi·
