2534 3956
265 201 362 248 nrssn
376 201 419 244 rr.
443 198 514 242 can.
530 192 574 244 to.
590 193 634 244 41.
662 180 700 262 [e.
719 122 754 244 (l.
771 179 832 262 368]
994 185 1054 250 355

98 354 283 434 magistratus
297 349 347 412 ille
360 349 454 419 ¹dicct,
473 347 610 410 secundis
626 346 763 418 nuribus,
779 364 854 426 quae
870 346 907 408 ab
919 357 1053 408 nostrum

97 454 156 515 quc
180 435 329 503 dicentur,
352 433 482 494 adversis
503 433 671 509 accipietis?
695 439 725 492 et
742 431 866 494 hercule
885 448 983 494 sermo
1010 442 1054 494 cst
1074 443 1105 493 to

97 521 217 582 minime
239 515 346 580 civilis:
368 515 469 594 qnidt
482 516 597 593 rogatio
620 514 715 594 qualis
738 522 796 585 est,
823 532 948 593 quomo
970 513 1052 575 vobis

96 605 275 680 antiquatam
299 599 510 678 indignantur?
542 601 690 668 sermoni,
717 596 863 670 Quirites,
895 597 1053 662 sinillunn.

95 684 274 758 „censuum
294 685 390 762 inquit
422 699 531 760 „roqo,
559 700 597 744 ne
622 681 706 744 uehis
728 699 803 760 quos
831 681 927 744 velitis
954 682 1053 743 iacere

95 771 213 832 licest‘t
243 786 281 830 cn
297 766 381 830 aliter
398 775 497 844 roget,
516 767 566 845 qui
578 767 680 842 utique
698 765 823 828 alterum
837 785 875 829 ox
889 764 978 845 plebe
987 765 1053 826 lieri
1075 781 1105 834 ιο
1131 839 1134 846 ¹

96 852 249 929 comulem
275 849 373 921 iubet,
399 867 455 912 nec
476 850 553 912 duos
576 851 716 928 patricios
740 850 861 912 creandi
879 856 1053 928 potestatem

96 936 179 1000 robis
191 934 356 1014 permittit?
374 935 402 1012 si
420 933 510 998 hodie
525 932 603 998 helle
623 935 695 1003 rint,
718 932 803 1012 quale
817 933 975 1000 Etruscum
990 933 1053 1000 tut,
1073 950 1104 999 17
1106 971 1222 1006 ...a

96 1038 164 1084 cum
177 1019 302 1082 Porsina
312 1016 476 1082 laniurlum
486 1016 603 1084 insedit,
619 1016 706 1093 quale
716 1015 862 1082 mlucom
872 1017 971 1086 modo,
987 1033 1053 1078 cnm

96 1111 215 1184 practer
226 1099 400 1180 Capitolium
415 1109 503 1178 atque
516 1117 618 1164 arcem
629 1103 727 1164 omnia
738 1099 813 1162 hacc
821 1099 953 1166 hostium
961 1111 1053 1168 eram,

97 1197 127 1250 ct
141 1184 325 1250 consulatum
338 1201 408 1246 cum
419 1183 478 1246 hoc
493 1184 530 1244 111.
546 1183 636 1247 Furio
652 1191 682 1244 et
695 1182 827 1262 quolibet
840 1181 898 1244 clio
914 1201 948 1244 ex
963 1182 1053 1261 patri-

96 1271 152 1334 bus
166 1270 198 1332 L.
209 1267 261 1332 ille
276 1269 393 1332 Sortitus
408 1275 538 1346 peteret,
553 1268 718 1345 possetisne
733 1269 813 1331 ferre
828 1267 961 1328 Sextium
975 1265 1053 1327 hand

96 1373 152 1435 pro
166 1352 257 1418 decisio
269 1349 425 1414 consulem
437 1369 516 1421 esso,
533 1349 688 1414 Camillum
705 1350 742 1414 dc
758 1349 879 1429 repulsa
893 1349 1053 1412 dimicare?
1075 1354 1077 1362 ’

98 1439 204 1500 hocine
221 1438 313 1500 estin
328 1453 485 1500 comnmne
498 1434 630 1497 honores
644 1451 766 1504 vocare,
783 1441 816 1498 nt
832 1434 907 1496 duos
918 1431 1053 1514 plebeios
1074 1446 1104 1498 18

97 1523 161 1586 lieri
176 1518 314 1583 ccrtsules
326 1519 431 1589 liccat,
450 1519 523 1582 duos
533 1519 674 1597 patricios
689 1535 751 1581 non
764 1517 865 1590 licest,
887 1517 1053 1580 stulterum

98 1625 132 1668 cr
147 1603 235 1684 plche
254 1604 350 1668 creari
364 1619 492 1666 necesse
506 1603 558 1672 sit,
579 1609 789 1680 utrumquem
813 1601 947 1681 patribus
963 1619 1051 1679 prae·

97 1689 187 1751 tenire
201 1685 306 1750 licent?
332 1702 477 1763 quaenam
496 1685 553 1747 isto
574 1686 715 1756 societas,
733 1703 879 1764 quaerum
902 1685 1053 1746 consortio

98 1773 158 1835 esti
180 1787 285 1849 parum
303 1777 361 1839 est,
383 1771 423 1840 si,
441 1771 526 1832 udus
547 1785 619 1848 pers
639 1775 689 1834 tua
709 1767 790 1831 nulla
811 1768 907 1832 adhuc
931 1768 1000 1837 tuit,
1023 1769 1054 1826 in

97 1861 210 1935 partem
226 1855 289 1918 cius
309 1855 407 1923 renis,
428 1853 486 1914 nisi
507 1858 624 1930 partem
645 1852 773 1931 petendo
794 1860 888 1914 tetum
908 1851 1054 1914 marmisl

97 1941 228 2011 „timeo“
243 1937 423 2016 inquit„ne,
441 1937 550 2002 siduos
561 1935 663 1998 licebit
676 1937 775 2000 creari
785 1937 940 2014 patricios,
958 1936 1052 1994 nemi·
1072 1947 1104 1998 19

97 2040 166 2086 nem
181 2021 288 2084 creetis
307 2019 487 2098 plebeium.
517 2020 647 2098 quidest
665 2020 765 2083 dicere
782 2018 876 2083 aliud:
905 2019 993 2096 „qino
1008 2018 1053 2076 in·

97 2108 202 2184 dignos
221 2111 316 2167 vestra
340 2103 487 2168 voluntate
507 2105 638 2166 creaturi
661 2105 824 2174 nonestis,
847 2103 1053 2166 necessitatem
1118 2109 1133 2129 ’“

97 2189 179 2250 vom
193 2186 316 2250 creandi
334 2204 409 2265 quos
430 2203 490 2248 non
513 2185 600 2248 vultis
621 2186 894 2260 inponam‘ffiquid
910 2186 1052 2262 sequitur,
1071 2199 1104 2248 20

97 2273 155 2334 nisi
168 2281 201 2332 ut
213 2289 253 2335 ne
266 2269 446 2335 ueneficium
460 2267 580 2346 quidem
591 2263 698 2330 debott
711 2262 838 2342 popolo.
856 2270 882 2328 si
897 2287 965 2332 cum
981 2267 1054 2332 dno·

96 2357 153 2414 bns
168 2355 301 2432 petridis
314 2371 391 2418 unus
401 2352 520 2432 petierit
536 2347 686 2426 plebatus,
702 2355 733 2410 et
747 2346 813 2424 lege
832 2367 864 2409 sc
875 2365 936 2410 non
950 2351 1054 2410 suffra·

70 2459 72 2462 ·
96 2437 144 2512 gia
160 2445 292 2500 creatum
306 2437 428 2500 dicatos
471 2433 542 2492 um.
569 2427 655 2500 „Quo
669 2430 757 2496 modo
775 2438 978 2508 extorqueant,
994 2449 1055 2492 non
1074 2447 1088 2496 1

97 2534 158 2595 quc
177 2517 265 2574 modo
285 2526 386 2590 pesam
406 2515 536 2576 honores
555 2522 717 2590 quaerunt:
739 2522 767 2575 et
787 2515 826 2574 ita
845 2515 1055 2578 manimssnnt

96 2597 248 2676 adepturi,
266 2603 299 2656 ut
311 2593 385 2656 nihil
397 2611 436 2656 ne
453 2613 508 2674 pro
522 2597 652 2659 minimis
667 2596 785 2674 quidam
803 2596 943 2666 deletum
958 2604 988 2658 ct
1004 2615 1053 2656 oc-

96 2679 266 2744 casionibus
286 2679 384 2757 potins
405 2695 494 2756 qaum
519 2680 625 2743 virtue
651 2686 754 2758 petere
778 2680 910 2747 tonores
930 2679 1052 2744 malunt.

96 2771 143 2828 est
162 2764 290 2844 sliquts,
310 2763 364 2842 qui
377 2780 410 2826 se
427 2763 536 2840 inspici
557 2764 707 2824 aestimari
725 2763 872 2834 lmtidiat,
890 2765 943 2842 qui
958 2771 1090 2833 certose

96 2849 155 2912 stoi
175 2849 228 2908 uni
248 2846 382 2909 honores
400 2847 478 2909 'nem
502 2845 676 2908 dimicantes
697 2850 898 2926 conpetitores
927 2849 1054 2925 aequum

96 2937 218 2994 censeat
233 2931 314 2999 eme,
330 2931 381 3006 qui
397 2948 428 2992 se
440 2927 562 2992 arbitrio
578 2937 675 2990 restro
691 2933 815 3002 emutat,
830 2933 881 3008 qui
891 2939 987 2996 vostra
1001 2948 1053 2995 ne·

95 3014 225 3076 cessaria
251 3012 389 3088 suffragio
415 3028 471 3091 pro
496 3011 668 3076 saumariis
699 3021 728 3074 et
754 3032 838 3076 servo
863 3032 919 3092 pro
951 3013 1053 3076 liberis

95 3099 243 3160 111111-
268 3097 373 3156 *omitto
397 3095 542 3160 Licinium
570 3095 775 3173 Sentiumque,
807 3114 934 3173 quorum
961 3110 1088 3162 annosa

94 3186 127 3243 in
142 3185 285 3258 perpetua
303 3182 447 3256 potestate
461 3187 610 3256 tamquam
625 3195 730 3256 regum
743 3181 775 3238 in
791 3180 934 3258 Capitolio
950 3197 1054 3245 numa·

93 3264 171 3326 ratis
182 3296 241 3332 --‚
266 3263 331 3339 quis
354 3269 399 3324 est
410 3261 500 3326 hodie
520 3261 682 3324 incivitate
700 3270 758 3322 tem
776 3262 912 3334 humilis,
932 3266 979 3324 cui
994 3281 1054 3324 non

93 3349 141 3407 ria
167 3347 204 3408 ad
229 3344 413 3408 consulatum
435 3345 552 3410 tactum
579 3362 634 3423 per
659 3346 744 3407 istim
772 3343 846 3422 legis
869 3347 1053 3410 occasionem

95 3448 186 3507 quam
200 3428 287 3490 nobis
305 3447 340 3492 ao
357 3427 461 3491 liberis
476 3430 583 3490 neuris
596 3427 666 3489 [tati
689 3430 714 3489 si
729 3429 847 3507 quidem
864 3447 919 3490 nos
933 3447 971 3492 ne
987 3448 1055 3492 cum

837 3511 902 3578 23*
