2534 3956
165 212 167 217 ’
217 196 280 260 314
365 208 461 250 ninus
478 206 522 249 vr.
550 204 620 248 oar.
635 196 662 249 2.
678 196 705 251 3.
734 192 775 260 [⁸-
786 205 816 246 u.
829 206 854 246 0·
871 196 921 251 365
934 184 1026 265 (366)]

216 355 373 422 Seruum
394 352 517 417 Ahalam
537 330 719 432 magistrum
733 355 864 432 equitum
893 353 979 423 dixit,
1002 353 1185 433 iustitioque

216 441 326 503 indicto
342 438 482 502 dilectum
499 438 649 498 iuniorum
663 436 781 508 babuit,
797 439 883 498 itaut
898 438 1032 498 seniores
1046 454 1184 516 quoque,

217 523 324 604 quibus
335 522 445 602 aliquid
457 520 575 582 roboris
586 528 765 600 superesset,
777 520 909 582 inverba
920 539 972 582 sua
983 522 1183 583 iuratoscen-

182 609 351 676 aturiarct.
386 606 550 669 exercitum
574 606 775 686 conscriptum
803 611 1009 684 armatumque
1030 604 1182 665 trifariam

216 692 323 754 divisit.
358 695 474 769 partem
488 705 578 749 unam
598 690 629 748 in
649 704 722 766 agro
737 689 858 766 Veiente
871 688 1008 750 Etruriae
1025 689 1178 767 opposuit,

179 790 199 843 s
216 774 421 837 alteramenta
438 771 544 834 urbem
565 778 662 834 castra
678 770 778 834 locare
798 773 897 833 iussit:
919 770 1032 832 tribuni
1047 771 1178 832 militum

115 869 117 874 '
214 859 262 922 his
276 859 308 920 t.
324 857 466 926 Manlius,
482 855 557 925 illis,
579 856 631 934 qui
645 856 785 918 adversus
808 855 949 916 Etruscos
970 853 1178 926 mittebantur,

215 942 248 1004 L.
266 939 406 1003 Aemilius
423 939 626 1018 praepositus:
643 941 761 1001 tertiam
779 945 894 1019 partem
915 941 980 1018 ipse
999 939 1036 999 ad
1051 937 1178 1002 Vulscos

215 1025 313 1096 duxit,
329 1041 385 1086 nec
403 1022 509 1103 procul
524 1040 541 1084 a
559 1021 688 1084 Lanuvio
705 1057 740 1068 -
757 1023 794 1084 ad
810 1024 937 1085 Mecium
954 1023 980 1084 is
1000 1020 1085 1084 locus
1101 1023 1177 1084 dici·

176 1117 198 1172 t)
216 1115 265 1170 tur
276 1143 311 1154 -
326 1114 423 1170 castra
435 1123 608 1186 oppugnare
621 1112 665 1168 est
675 1106 804 1169 adortus.
823 1105 931 1186 quilius
941 1105 977 1166 ab
990 1111 1177 1186 contemptu,

215 1192 295 1272 quod
305 1210 401 1272 prope
416 1209 535 1252 omnem
548 1187 673 1252 deletam
685 1209 702 1252 a
714 1189 803 1253 Gallis
813 1190 977 1252 Romanam
992 1191 1177 1254 iuventutem

215 1276 388 1348 crederent,
411 1276 449 1336 ad
471 1272 584 1336 bellum
605 1275 749 1353 profectis
771 1279 886 1336 tantum
902 1272 1040 1338 Camillus
1056 1274 1177 1336 audiun

214 1355 376 1440 imperator
388 1360 512 1421 terroris
529 1356 685 1428 intulerat,
702 1365 734 1420 ut
749 1357 824 1421 vallo
840 1376 872 1420 se
888 1359 960 1438 ipsi,
979 1356 1089 1418 vallum
1102 1376 1177 1420 con·

214 1445 304 1522 gestis
319 1442 479 1504 arboribus
493 1443 658 1522 saepireut,
681 1459 719 1504 ne
734 1459 792 1521 qua
806 1443 919 1504 intrare
935 1442 972 1503 ad
987 1442 1176 1504 munimenta

163 1540 196 1593 ιο
214 1527 308 1589 bostis
320 1534 429 1606 posset.
453 1525 533 1605 quod
553 1523 606 1586 ubi
621 1525 827 1588 animadvertit
842 1523 998 1595 Camillus,
1016 1526 1118 1603 ignem
1143 1528 1175 1586 in

214 1609 361 1672 obiectam
383 1628 503 1688 saepem
525 1609 601 1670 coici
623 1610 717 1670 iussit.
757 1616 786 1672 et
811 1609 889 1671 torte
913 1616 977 1671 erat
1001 1611 1045 1670 vis
1065 1627 1175 1688 magna

163 1709 194 1762 11
216 1696 294 1756 venti
309 1711 393 1756 versa
409 1694 441 1754 in
451 1693 576 1755 hostem.
605 1694 705 1771 itaque
720 1711 781 1754 non
796 1694 912 1774 aperuit
925 1691 1021 1754 solum
1033 1693 1174 1755 incendio

212 1780 304 1849 viam,
326 1779 379 1840 sed
395 1777 522 1839 flammis
542 1777 575 1837 ln
590 1783 685 1838 castra
700 1775 887 1839 tondentibus
906 1792 1016 1856 vapore
1031 1778 1122 1838 etiam
1139 1796 1175 1839 ao

212 1861 294 1923 fumo
309 1863 484 1941 crepituque
500 1860 602 1922 viridis
618 1862 759 1925 materiae
777 1860 929 1939 flagrantis
943 1861 984 1920 ita
999 1865 1169 1922 consterna·

212 1944 378 2016 ritbostes,
390 1952 423 2006 ut
437 1946 536 2006 minor
552 1941 646 2006 moles
669 1943 879 2024 superantibus
894 1943 1003 2005 vallum
1023 1946 1055 2004 in
1072 1951 1173 2005 castra

212 2027 386 2090 vulscorum
407 2029 548 2092 Romanis
569 2027 673 2098 fuerit,
695 2045 783 2108 quam
803 2027 1082 2089 transcendentibus
1106 2045 1174 2090 sae·

162 2127 194 2178 ta
211 2129 280 2192 pem
291 2111 428 2174 incendio
443 2110 628 2191 absumptam
642 2111 746 2172 luerat.
777 2111 851 2172 lusis
865 2111 1000 2172 hostibus
1015 2113 1174 2192 caesisque

212 2213 280 2256 cum
297 2202 391 2257 castra
403 2197 516 2274 impetu
532 2195 658 2272 cepisset
668 2194 811 2266 dictator,
825 2195 966 2274 praedam
981 2194 1067 2256 militi
1078 2196 1172 2266 dedit,

212 2279 380 2357 quominus
392 2284 540 2356 speratam
554 2278 677 2339 minime
687 2277 829 2356 largitore
844 2279 935 2350 duee,
953 2297 988 2341 eo
1000 2278 1087 2340 militi
1101 2296 1170 2358 gra·

163 2369 194 2422 ta
212 2363 328 2423 tionem.
355 2366 531 2441 persecutus
545 2355 652 2422 deiude
663 2361 809 2438 fugientes
820 2380 888 2424 oum
900 2380 1019 2424 omnem
1028 2363 1172 2424 Vulscum

211 2462 317 2524 agrum
328 2444 522 2526 depopulatus
536 2451 621 2516 esset,
637 2445 674 2506 ad
689 2444 869 2507 deditionem
880 2445 1002 2508 Vulscos
1012 2454 1171 2525 septuage·
1244 2475 1245 2496 t

159 2538 194 2589 14
212 2530 286 2590 simo
309 2528 427 2591 demum
441 2547 519 2590 anno
544 2527 669 2606 subegit.
700 2530 794 2589 victor
814 2547 850 2590 er
870 2528 984 2590 Vulscis
1003 2531 1033 2590 iu
1049 2531 1171 2609 Aequos

210 2614 327 2673 transiit
344 2619 373 2674 et
391 2614 472 2692 ipsos
500 2610 611 2674 bellum
630 2609 798 2674 molientes:
820 2615 983 2674 exercitum
1006 2630 1109 2675 eorum
1132 2613 1172 2675 ad

210 2693 299 2757 Bolas
315 2697 478 2774 oppressit,
501 2714 558 2758 nec
581 2703 677 2758 castra
698 2695 786 2756 modo
808 2696 860 2758 sed
883 2695 989 2762 urbem
1007 2699 1095 2760 etiam
1115 2698 1171 2759 ad·

211 2795 331 2856 gressus
348 2781 459 2859 impetu
473 2781 570 2860 primo
586 2781 674 2859 cepit.

99 2925 115 2934 ‚
178 2877 192 2928 1
273 2862 320 2924 Ill.
353 2863 425 2924 Cum
440 2865 471 2923 iu
488 2883 522 2926 ea
535 2870 635 2942 parte,
656 2865 688 2924 iu
708 2881 765 2942 qua
782 2869 871 2942 eaput
887 2865 932 2925 rel
946 2865 1096 2926 Romanae
1112 2865 1155 2928 Ca

211 2943 310 3006 millus
326 2951 407 3016 erat,
424 2965 458 3008 ea
473 2947 591 3007 fortuna
610 2955 701 3017 esset,
723 2946 810 3008 aliam
825 2947 857 3007 in
871 2954 987 3026 partem
1002 2955 1101 3010 terror
1120 2950 1169 3008 in-
1244 3005 1245 3034 ,

174 3047 193 3096 s
211 3045 284 3107 gens
294 3030 455 3108 ingruerat.
481 3029 600 3092 Etruria
610 3048 705 3110 prope
721 3033 816 3092 omnis
828 3039 940 3094 armata
955 3031 1102 3103 Sutrium,
1118 3051 1165 3093 so.

211 3113 272 3174 cios
293 3111 397 3192 populi
412 3113 552 3186 Romani,
572 3113 742 3186 obsidebat,
763 3132 891 3194 quorum
908 3113 997 3194 legati
1013 3132 1102 3194 opem
1117 3133 1167 3178 re·

209 3194 267 3258 bus
281 3197 402 3260 adiectis
417 3205 535 3260 orantes
551 3217 620 3260 cum
634 3205 768 3260 senatum
783 3199 925 3270 adissent,
949 3198 1105 3262 decretum
1120 3207 1169 3262 tu·

210 3273 288 3350 lere,
310 3289 344 3342 ut
357 3280 482 3343 dictator
495 3283 593 3360 primo
604 3299 721 3361 quoque
737 3288 871 3361 tempore
886 3281 1026 3345 auxilium
1038 3283 1169 3346 Sutrinis
1244 3285 1245 3288 ’

173 3361 312 3424 δίοποι.
343 3367 425 3426 ouius
445 3366 509 3445 spei
531 3383 645 3427 moram
666 3383 734 3428 cum
757 3368 818 3445 pati
839 3368 957 3428 fortuna
974 3365 1171 3429 obsessorum

210 3461 271 3504 nou
290 3447 447 3526 potuisset,
469 3448 661 3528 confectaque
682 3452 814 3529 paucitas
835 3452 1053 3532 oppidanorum
1072 3469 1171 3531 opere
