2548 3954
243 251 281 311 12
426 263 520 304 urana
535 265 557 304 1.
589 255 757 308 oar.9·10.
794 241 835 325 [c.
854 245 1017 320 mel-37]
1130 238 1131 242 ¹

241 413 373 473 tudinem
384 413 475 472 animi
486 411 673 473 dissimulans
680 411 766 473 ludos
775 431 810 473 ex
817 411 960 472 industria
969 420 1053 488 parat
1062 410 1198 489 Neptuno

208 501 223 549 7
241 495 380 573 Equestri
398 495 567 563 sollemnis:
583 495 737 557 Consualia
753 505 845 556 vocat.
881 493 972 554 indici
987 494 1093 556 deinde
1109 495 1197 556 liniti-

242 580 298 640 mis
314 579 515 657 spectaculum
534 577 624 650 iubet,
643 585 811 656 quantoque
828 586 970 658 apparatu
990 589 1050 638 tum
1065 578 1199 639 sciebant

242 671 292 723 aut
301 669 440 742 poterant
454 661 672 732 concelebrant,
688 669 720 723 ut
734 681 798 723 rem
816 662 926 722 claram
943 668 1198 741 exspectatamque

208 748 382 808 slacerent
417 746 502 807 multi
523 745 663 808 mortales
679 763 854 816 convenere,
878 745 974 807 studio
994 748 1081 822 etiam
1096 746 1197 806 viden·

242 830 297 892 dae
318 847 411 892 norae
431 830 530 900 urbis,
555 848 691 892 maxume
712 831 840 908 proximi
857 832 982 907 quique,
1000 829 1197 891 Caeninenses
1263 829 1264 836 ’

208 923 225 973 a
243 915 422 976 Crustumini
437 915 641 984 Antemnates;
661 916 719 974 iam
737 913 915 975 Sabinomm
932 915 1027 974 omnis
1041 912 1197 974 multitudo

242 1015 310 1058 cum
324 995 428 1059 liberis
443 1017 478 1058 ac
493 997 670 1076 coniugibus
692 999 780 1060 venit.
810 999 923 1058 invitati
938 995 1122 1075 hospitaliter
1143 1015 1197 1074 per
1264 1041 1265 1068 ,

242 1081 346 1143 domos
366 1100 434 1143 cum
455 1083 543 1144 stulu
558 1085 734 1160 moeniaque
748 1088 778 1142 et
791 1083 977 1158 frequentem
992 1081 1076 1142 tectis
1092 1079 1197 1142 urbem

194 1180 224 1230 10
241 1165 391 1235 vidissent,
409 1167 554 1232 mirantur
568 1175 628 1227 tam
644 1165 728 1226 brevi
741 1184 807 1227 rem
821 1165 983 1226 Romanam
994 1165 1129 1226 crevisse.
1145 1163 1196 1229 ubi

242 1248 402 1328 spectaculi
417 1257 534 1329 tempus
549 1251 638 1320 venit,
655 1250 829 1326 deditaeque
846 1268 881 1310 eo
896 1256 1009 1310 mentes
1023 1266 1090 1309 cum
1102 1247 1197 1308 cordis

244 1341 337 1403 erant,
356 1341 419 1394 tum
439 1353 474 1396 ex
491 1336 654 1413 composito
671 1340 735 1394 orta
752 1334 803 1402 vis,
819 1335 964 1410 signoque
978 1331 1048 1393 v(lato
1061 1333 1197 1392 iuventus

194 1432 223 1481 ιι
241 1415 374 1478 Romana
390 1418 426 1478 ad
440 1418 597 1496 rapiendas
609 1419 737 1495 virgines
749 1418 897 1477 discurrit
913 1432 1018 1492 magna
1029 1433 1099 1494 pars
1108 1415 1197 1488 sorte,

242 1501 273 1558 in
296 1517 383 1576 quem
404 1517 539 1578 quaeque
560 1501 719 1570 inciderat,
740 1508 857 1578 raptae;
879 1499 1021 1576 quasdam
1037 1499 1131 1559 lorma
1146 1517 1196 1559 ex·

242 1581 382 1644 callentes
396 1583 579 1661 primoribus
594 1591 712 1662 patrum
728 1584 885 1645 destinatas
898 1600 934 1643 ex
950 1580 1038 1661 plebe
1051 1582 1195 1651 homines,

194 1686 224 1734 12
242 1665 349 1743 quibus
370 1666 470 1728 datum
494 1670 645 1745 negotium
666 1676 742 1736 erat,
771 1668 875 1728 domos
897 1665 1077 1727 deferebant
1107 1683 1197 1727 unam
1266 1667 1267 1670 ’

242 1749 328 1827 longe
344 1757 412 1811 aute
428 1750 501 1811 alias
515 1753 614 1829 specie
629 1769 664 1811 ac
678 1750 899 1829 pulchritudino
913 1750 1061 1827 insignem
1075 1767 1090 1810 a
1106 1748 1195 1825 globo

241 1831 365 1894 Talassii
380 1834 533 1896 cuiusdam
548 1843 663 1912 raptam
672 1834 781 1904 lerunt,
800 1833 956 1909 multisque
971 1831 1195 1902 sciscitantibus,

182 1927 183 1930 ’
241 1919 359 1978 cuinam
378 1937 443 1978 eam
460 1918 583 1990 ferrent,
595 1917 764 1987 identidem,
780 1935 818 1979 ne
832 1918 898 1996 quis
912 1915 1049 1986 violaret,
1064 1914 1194 1976 Talassio

241 2002 313 2063 lerri
342 2001 535 2063 clamitatum:
564 2002 634 2064 inde
662 2000 822 2081 nuptialem
847 2001 923 2062 hanc
950 2019 1053 2063 vocem
1078 2000 1194 2060 lactan]¹

195 2097 223 2148 13
240 2085 358 2145 turbato
373 2104 428 2164 per
443 2092 553 2148 metum
567 2087 683 2147 ludicro
698 2087 802 2148 maesti
818 2091 957 2164 parentes
967 2085 1113 2162 uirginum
1125 2101 1195 2162 pro·

241 2169 369 2245 lugiunt,
388 2172 557 2232 incusantes
579 2169 678 2230 violati
697 2169 817 2248 hospitii
831 2169 935 2231 foedus
950 2169 1097 2245 deumque
1114 2169 1195 2227 inro-

242 2259 358 2323 cautes,
379 2255 464 2314 cuius
485 2253 521 2314 ad
543 2253 686 2315 sollemne
701 2253 846 2330 ludosque
861 2269 916 2331 per
931 2251 976 2313 las
991 2270 1026 2312 ac
1040 2251 1129 2312 fidem
1144 2251 1195 2311 do-

193 2347 223 2396 14
241 2337 319 2413 cepti
334 2337 491 2398 venissent,
526 2355 582 2398 nec
601 2339 693 2414 raptis
714 2344 764 2397 ant
784 2355 853 2415 spes
867 2337 903 2397 de
919 2354 951 2397 se
965 2334 1071 2396 melior
1085 2335 1195 2406 autin·

241 2419 371 2496 dignatio
387 2428 432 2483 est
450 2422 557 2483 minor.
592 2420 643 2482 sed
658 2422 722 2498 ipse
736 2420 880 2481 Romulus
895 2418 1086 2488 circumibat,
1107 2419 1195 2479 doce-

241 2502 350 2582 batque
363 2511 480 2583 patrum
497 2505 527 2566 id
540 2503 679 2583 superbia
690 2503 808 2574 laetum,
827 2505 878 2580 qui
892 2501 1053 2564 conubium
1064 2502 1195 2562 finitimis

241 2597 406 2666 negassent.
442 2587 507 2652 illas
522 2597 621 2650 tamm
633 2589 665 2648 in
679 2588 883 2657 matrimonio,
899 2589 930 2646 in
946 2587 1085 2647 societate
1102 2586 1196 2646 lurtu-

241 2688 346 2731 narum
365 2675 497 2732 omnium
512 2674 707 2750 civitatisque,
724 2678 768 2740 et,
787 2687 845 2747 quo
860 2669 934 2730 nihil
952 2670 1049 2730 carius
1066 2667 1195 2730 humano

194 2765 223 2815 15
241 2756 346 2831 generi
359 2756 411 2825 sit,
435 2754 564 2817 liberum
576 2756 651 2816 lore.
681 2753 831 2815 mollirent
847 2753 935 2815 modo
950 2755 1024 2822 iras,
1045 2760 1073 2814 et
1087 2751 1195 2829 quibus

242 2839 304 2898 lors
326 2856 453 2916 corpora
474 2839 616 2909 dedisset,
637 2839 741 2901 darem
761 2839 885 2899 animos.
916 2855 1005 2915 saepe
1028 2854 1063 2897 ex
1084 2836 1195 2896 iniuria

242 2921 428 3000 postmodum
443 2925 566 3000 gratiam
582 2930 685 2992 ortam,
706 2938 800 2999 eoque
814 2920 988 2982 melioribus
1001 2937 1104 2980 usuras
1114 2921 1194 2989 viris,

242 3005 321 3082 quod
344 3005 501 3067 adnisurus
523 3022 579 3084 pro
602 3026 634 3068 se
649 3009 774 3083 quisque
787 3005 839 3076 sit,
854 3013 902 3076 ut,
919 3021 986 3066 cum
1004 3021 1087 3064 suam
1101 3004 1193 3064 vicem

241 3090 359 3151 iunctus
373 3090 471 3150 ollloio
487 3092 532 3160 sit,
548 3091 715 3168 parentium
730 3090 817 3150 etiam
831 3090 1003 3166 patriaeque
1019 3086 1135 3165 expleat
1143 3087 1193 3147 de·
1267 3077 1268 3104 ¹

193 3188 224 3238 16
241 3174 392 3236 siderium.
422 3171 602 3236 accedebant
621 3173 781 3233 blanditiae
793 3173 925 3233 virorum
939 3173 1049 3232 lactum
1065 3188 1193 3250 purgan-

240 3259 313 3318 tium
334 3258 492 3336 eupiditate
512 3265 599 3336 atque
617 3274 733 3326 amore,
754 3273 829 3333 quae
849 3257 976 3317 maxime
992 3253 1029 3314 ad
1048 3253 1194 3315 muliebre

241 3341 392 3418 ingenium
408 3341 542 3403 ellicaees
555 3357 662 3419 preces
678 3349 755 3400 sunt.
1166 3337 1168 3341 ’

210 3433 222 3481 ι
303 3423 337 3484 Χ.
358 3423 419 3483 lam
436 3425 594 3486 admodum
608 3424 731 3501 mitigati
744 3423 835 3484 animi
845 3425 938 3502 raptis
947 3431 1038 3485 erant
1057 3430 1087 3484 at
1096 3431 1192 3500 rapta-

240 3523 306 3566 rum
325 3515 463 3584 parentes
479 3515 540 3568 tum
563 3509 689 3568 maxime
711 3506 829 3568 sordida
850 3515 929 3568 veste
955 3506 1146 3585 lacrimisque
1165 3511 1192 3565 et
