2534 3956
344 227 440 270 erens
456 228 485 270 v.
514 227 584 269 cue.
599 219 626 271 5.
640 217 665 271 6.
682 205 720 284 [e.
737 207 769 267 O.
781 205 844 282 403]
1009 209 1069 272 uss

121 373 196 442 hori
221 383 329 453 quanto
341 382 385 436 est
395 375 492 436 miuus
507 385 599 454 opere
612 374 693 436 tueri
702 371 777 433 lacta
790 380 819 433 et
832 370 941 431 instare
956 387 990 431 ac
1003 387 1071 450 per·
1090 387 1106 436 s

120 475 257 520 severare
272 457 450 536 defungique
466 457 555 518 curet
585 456 687 518 hrevis
701 458 779 518 enim
800 453 933 533 prolecto
955 471 1005 516 res
1020 463 1072 526 est,

119 541 146 602 si
166 558 226 601 unc
242 547 354 602 tenore
364 541 531 621 peragitur,
554 549 609 601 nec
624 535 683 620 ipsi
698 547 755 618 per
767 535 1002 599 intermissiones
1019 537 1073 599 has

119 623 331 710 intervauaque
344 621 499 685 lentiorem
516 631 599 702 spem
609 622 741 684 nostium
751 621 883 684 hulmus.
914 619 1074 698 luquer‘ne

4 711 6 740 l
120 723 211 785 opere
229 704 261 768 et*
273 707 309 768 de
324 708 471 786 temporis
484 707 609 790 iacturas
635 701 725 784 (tuidi
752 695 885 785 perleui
896 703 1073 782 qucdffle·
1090 723 1107 773 8

4 803 5 812 ¹
119 789 212 851 rende
234 778 312 852 hello
334 790 462 860 edituus,
486 797 558 850 num
577 787 709 850 obliuisci
731 801 785 850 nes
798 787 946 848 hsectam
967 785 1074 849 crebra

119 871 255 936 Ehuriae
277 868 401 952 concilis
428 873 465 935 de
491 866 642 934 mutunus
661 869 756 934 Veios*
771 869 1074 950 suxmspauunnnt

118 963 151 1018 ut
163 973 242 1019 nunc
252 974 302 1018 res
312 956 458 1026 sehabet,
469 955 630 1027 trutisuht,
643 956 782 1026 oderunt,
794 956 1072 1034 negsuumlssurcsz
1090 971 1107 1023 e

119 1047 260 1118 quantum
271 1041 303 1120 iri
314 1038 373 1102 illis
387 1047 445 1124 ejst,
462 1043 569 1118 tspete
579 1031 668 1101 Velhs‘
681 1039 759 1100 licet.
791 1041 909 1117 quisest
920 1039 971 1116 pn
983 1049 1073 1116 spen-

117 1121 185 1184 deat
207 1122 346 1192 eundem,
373 1123 401 1182 sl
418 1116 551 1204 dissertur
570 1118 696 1192 beilum,
724 1122 857 1182 smmum
875 1128 977 1199 postes
996 1121 1072 1192 iore,

119 1222 202 1275 curn,
223 1208 249 1266 si
263 1205 460 1266 laxamentum
478 1203 611 1275 hederis,
626 1205 720 1265 maior
735 1203 979 1281 frequentiorque
993 1202 1059 1282 lege
1091 1215 1124 1268 lu
1150 1201 1152 1214 ⁹

118 1288 158 1348 tic
182 1289 258 1350 itura
279 1289 332 1358 sit,
363 1299 430 1348 cum
450 1286 482 1348 m
503 1281 582 1364 quod
601 1297 682 1348 nunc
702 1285 823 1349 offendit
836 1283 990 1356 Etruscus,
1019 1305 1073 1348 rex

8 1387 11 1397 ·
119 1371 234 1432 creatus
245 1360 330 1441 Veis,
346 1373 453 1431 mutari
467 1369 562 1449 spatie
572 1366 749 1450 interposite
762 1371 856 1448 possit
869 1369 914 1430 rel
926 1379 1074 1430 consensu

119 1455 257 1526 civitatis,
278 1453 311 1514 ut'
333 1472 369 1515 eo
395 1451 589 1516 reconcilient
608 1453 745 1514 Etruriae
767 1454 895 1522 animes,
917 1452 963 1514 rel
980 1455 1075 1532 ipsius

118 1536 265 1600 voluntate
286 1539 382 1616 regis,
406 1539 457 1616 qui
477 1535 594 1598 obstare
614 1545 739 1614 regnum
759 1551 845 1597 suurn
861 1535 948 1598 sum
967 1537 1074 1598 ciuem

118 1614 208 1683 nolit?
236 1606 347 1692 vitiete,
379 1627 452 1700 qum
469 1637 533 1690 res,
562 1636 648 1699 quarn
668 1619 787 1680 inutiles
812 1627 973 1696 sequenter
993 1619 1074 1680 illem
1092 1631 1122 1684 tl

117 1706 193 1764 viam
211 1701 347 1774 consilii,·
369 1706 480 1765 iactura
498 1715 621 1781 operum
635 1711 718 1762 tauto
733 1702 835 1762 lubere
850 1702 1009 1772 lectorum,
1024 1721 1073 1763 va·

119 1789 204 1848 statio
225 1789 373 1848 inminens
387 1781 489 1846 finium
504 1789 689 1855 nostrerum,
712 1785 868 1846 Etruscum
887 1783 998 1845 bellum
1017 1802 1073 1865 pre

117 1869 240 1930 Veiente
261 1869 449 1930 concitatum.
476 1868 551 1930 haec
574 1868 655 1938 sunt,
673 1867 804 1936 -ulhnui,
827 1867 949 1929 consilia
966 1875 1072 1940 restra,
1091 1878 1123 1928 1²

118 1969 179 2012 non
194 1951 317 2013 hercule
332 1944 484 2014 dlsshnilia
497 1969 532 2012 ec
547 1953 652 2029 siquis
668 1965 772 2028 aegre,
787 1951 839 2028 qul
850 1951 950 2010 curari
963 1968 995 2012 sc
1010 1952 1072 2012 icr-

118 2036 186 2095 titer
197 2043 301 2112 p'sssus
313 2033 459 2112 extemplo
472 2033 678 2096 convalescere
688 2035 795 2112 possit,
812 2031 871 2094 eibi
881 2034 974 2112 maha
986 2051 1072 2112 pree·
1189 2051 1198 2056 ·

118 2118 209 2180 sentis
231 2125 280 2178 aut
304 2119 432 2196 potionis
456 2116 649 2196 longinquum
670 2125 699 2178 et
727 2117 851 2178 forsitan
877 2115 1072 2178 insanabilem

4 2221 5 2256 r
119 2200 411 2262 m01·biun'elllciet.“

4 2317 6 2360 ς
181 2275 227 2345 VI.
248 2284 310 2355 „Si
326 2283 557 2355 mediusfidius,
574 2281 800 2344 edhechellum
811 2280 886 2342 nihil
898 2283 1104 2360 pertineretl
1151 2294 1156 2305 ’

4 2365 5 2410 3
117 2369 153 2428 sd
165 2365 349 2446 disciplinam
357 2375 438 2430 certe
446 2367 567 2429 militiae
579 2366 739 2445 plurimum
749 2367 891 2426 intererat
903 2367 1073 2428 insuescere

118 2449 240 2512 militem
263 2454 398 2511 nostrum
418 2461 478 2510 non
497 2450 593 2510 solum
614 2456 697 2526 parta
716 2449 837 2508 victoria
857 2447 932 2518 irui,
954 2449 1022 2518 sed,
1046 2451 1106 2515 sie

119 2534 206 2594 etiam
221 2549 271 2592 res
284 2529 392 2593 lentior
407 2533 458 2602 sit,
480 2533 540 2610 pati
556 2531 685 2592 taedium
702 2537 732 2592 et
752 2532 883 2607 quumvis
903 2547 987 2592 sesae
1007 2534 1071 2610 spei

120 2615 231 2677 exitum
247 2620 415 2693 expectare,
438 2621 467 2675 et
482 2615 507 2675 sl
521 2629 581 2674 nen
597 2615 635 2674 sit
649 2619 757 2674 aestate
770 2612 935 2690 perlectum
948 2611 1070 2685 bellum,

120 2697 249 2758 hiemem
270 2698 416 2777 opperiri,
437 2715 493 2758 nec
510 2698 586 2758 sicut
601 2697 722 2758 aestives
735 2711 802 2757 sves
816 2697 913 2756 statim
929 2703 1070 2758 autumno

118 2787 195 2842 tecte
211 2797 246 2842 ac
265 2797 417 2842 recessum
435 2781 675 2858 circumspicere.
713 2777 838 2840 obsecre
856 2796 922 2851 ves,
946 2780 1105 2842 venandis

119 2863 248 2944 studium
259 2879 293 2924 ec
306 2863 438 2942 voluptas
452 2861 587 2924 homines
602 2877 657 2941 per
666 2863 748 2925 nives
759 2880 793 2922 uc
808 2863 930 2941 pruinas
944 2864 975 2924 in
986 2881 1069 2925 mon·

119 2954 163 3008 tes
191 2945 335 3024 silvasque
357 2949 448 3025 rapit:
476 2945 547 3008 belh
572 2943 794 3008 necessitatibus
815 2963 879 3006 erun
901 2948 1069 3024 patientiam

119 3047 180 3090 ncn
191 3027 508 3106 adhibebimus‚quam
518 3029 563 3091 vel
573 3028 657 3090 lusus
667 3047 702 3090 ac
714 3028 847 3107 voluptas
859 3029 967 3090 elicere
978 3030 1070 3090 soleti

120 3113 233 3174 adeone
255 3111 420 3174 effeminate
438 3129 562 3191 corpore
581 3111 705 3172 militum
724 3118 893 3172 nostrorum
909 3130 973 3173 esse
986 3120 1068 3190 puts·
1087 3129 1104 3178 s

119 3215 200 3267 mus,
219 3194 407 3257 adcomolles
422 3197 548 3266 animos,
563 3204 597 3257 ut
610 3195 737 3257 hiemem
749 3209 838 3255 unum
853 3194 1006 3257 durarem
1021 3213 1069 3256 ce-

120 3281 203 3350 stris,
224 3278 326 3341 abesse
349 3278 384 3339 ab
406 3279 492 3339 demo
510 3296 569 3340 non
589 3278 720 3358 pessimi
748 3284 781 3338 ut
799 3283 948 3357 tamquam
968 3277 1069 3340 usuale

120 3361 230 3423 bellum
256 3361 479 3441 tempestatibus
505 3361 655 3440 captandis
684 3369 712 3423 et
735 3359 915 3423 observando
936 3368 1070 3440 tempore

123 3445 191 3506 rnnl
207 3451 327 3523 gerant,
348 3460 409 3508 nen
424 3452 535 3516 aestus,
559 3461 618 3506 non
635 3443 745 3523 irigora
759 3444 820 3522 pati
839 3446 968 3523 possint?
1002 3455 1102 3506 eru-s
