2580 3954
311 229 407 271 nrnnn
422 228 470 271 111.
498 226 570 270 cnr.
586 219 630 274 46·
647 219 689 274 st.
715 211 755 288 [a.
773 211 808 272 C.
825 211 888 288 450]
1015 217 1078 279 169

121 380 242 442 cederet
262 379 328 438 iure
343 396 397 439 suo
414 377 616 456 vindicarique
636 377 764 456 puellam
785 379 817 438 in
833 386 985 457 posterum
999 378 1077 441 diem

120 471 281 543 pateretur.
310 461 390 538 quod
405 464 463 524 nisi
481 468 567 542 pater
582 469 702 540 postero
723 461 772 523 die
787 461 944 533 adfuisset,
964 462 1112 525 denunt

120 549 196 608 tiare
215 563 248 608 se
267 544 349 606 lcilio
365 545 568 623 similibusque
584 544 648 605 Icili
670 561 767 622 neque
786 543 845 623 legi
865 564 935 608 suae
953 544 1077 607 latorem

8 689 9 692 ,
120 648 218 706 neque
231 629 398 690 decemviro
413 629 607 691 constantiam
621 629 738 704 dolorm
756 646 812 690 nec
828 647 860 690 se
875 631 976 706 utique
988 629 1076 692 colle-

8 727 9 730 ’
121 731 225 791 garum
242 711 362 774 lictores
378 721 606 774 convocaturum
621 712 657 772 ad
672 712 853 774 coercendos
864 713 1016 775 seditionis
1026 729 1077 774 an·

121 805 233 866 oteres,
258 804 429 858 contentum
450 817 483 860 se
504 797 565 859 suis
587 794 742 857 lictoribus
754 796 828 857 iore.
861 797 933 858 Cum
957 796 1077 858 dilatum
1095 809 1113 857 n

120 891 237 958 ternpus
267 881 393 942 inimiae
419 889 497 943 esset
524 880 773 956 secessissentque
793 879 925 940 advocati
952 879 1076 959 puellae,

120 963 231 1042 placuit
245 965 376 1023 omnium
390 967 520 1043 primum
534 963 655 1023 fratrent
671 961 734 1022 Icili
749 961 900 1039 filiumque
912 963 1078 1033 Numitorii,

121 1049 253 1125 inpigros
270 1048 403 1118 iuvenes,
419 1063 546 1125 pergere
561 1045 630 1106 inde
644 1055 724 1106 recta
740 1046 776 1106 ad
793 1055 924 1124 portam,
942 1055 970 1109 et
986 1065 1079 1124 quan·

120 1140 183 1192 tum
207 1128 368 1191 accelerari
390 1138 491 1208 posset
511 1129 682 1204 Verginium
705 1131 796 1190 acciri
819 1149 835 1191 e
855 1133 973 1192 castris:
995 1131 1027 1191 in
1042 1149 1077 1192 eo

122 1216 197 1276 verti
211 1211 329 1292 puellae
345 1212 484 1292 salutem,
506 1215 532 1274 si
548 1219 667 1289 postero
696 1212 744 1273 die
764 1213 870 1274 vindex
896 1215 1023 1276 iniuriae
1042 1214 1078 1274 ad
1095 1223 1112 1274 u

120 1308 238 1376 tempus
249 1306 367 1375 praesto
383 1304 468 1358 esset.
494 1296 568 1357 iussi
581 1304 723 1374 pergunt,
740 1297 894 1374 citatisque
907 1298 990 1376 equis
1002 1315 1078 1359 nun·

115 1385 195 1442 tium
209 1379 246 1442 ad
263 1388 377 1458 patrem
391 1381 554 1460 perierunt
586 1397 653 1440 cum
667 1381 790 1441 instaret
805 1379 938 1442 adsertor
952 1380 1076 1461 puellae,
1096 1395 1115 1443 τ

122 1474 154 1526 ιιι
168 1463 329 1526 vindicaret
347 1481 565 1544 sponsoresque
580 1463 677 1534 daret,
698 1471 786 1541 atque
806 1463 838 1525 id
853 1466 951 1543 ipsum
971 1467 1018 1543 agi
1034 1465 1078 1525 di·

122 1557 205 1610 neret
224 1546 337 1618 lollius,
359 1547 461 1610 sedulo
489 1557 605 1626 tempus
632 1555 747 1618 terens,
775 1546 845 1609 dum
871 1549 1079 1628 praeciperent

122 1635 179 1693 iter
194 1633 288 1692 nuntii
303 1633 385 1694 missi
399 1633 430 1692 in
451 1640 560 1702 castra,
583 1649 689 1692 manus
706 1629 812 1693 tollere
827 1631 959 1709 undique
980 1631 1078 1693 multi·

120 1718 208 1785 tudo,
226 1725 300 1776 etse
319 1717 443 1794 quisque
461 1724 595 1794 paratum
609 1716 647 1776 ad
661 1715 866 1794 spondendum
881 1715 963 1778 lcilio
981 1725 1077 1778 osten·

123 1800 202 1860 dero.
248 1807 336 1875 atque
363 1799 425 1861 ille.
442 1798 683 1860 lacrimabundus
712 1806 848 1876 „tratmn
876 1808 938 1861 est“
965 1797 1112 1878 inquit;8

122 1885 269 1954 „crastina
293 1883 340 1944 die
367 1891 460 1945 vestra
487 1900 577 1960 opera
600 1889 681 1953 utar,
710 1899 888 1960 sponsorum
911 1901 990 1944 nunc
1009 1885 1080 1957 satis

123 1974 196 2028 est.“
233 1969 272 2026 ita
297 1967 460 2028 vindicatur
489 1968 624 2044 Verginia
652 1964 864 2045 spondentibus
894 1969 1077 2046 propinquis.

122 2051 234 2129 Appius
245 2049 395 2130 paulisper
411 2060 558 2119 moratus,
574 2067 613 2112 ue
628 2051 693 2112 eius
711 2051 756 2112 rei
770 2067 858 2111 causa
873 2051 983 2114 sedisse
998 2051 1078 2112 vide·
1096 2059 1112 2110 9

123 2143 222 2204 retur,
238 2142 394 2212 postquam
410 2135 526 2196 omissis
539 2133 630 2196 rebus
643 2133 709 2196 aliis
721 2151 794 2212 prae
806 2151 877 2194 ema
890 2137 976 2196 unius
991 2153 1078 2196 nemo

123 2217 236 2287 adibat,
264 2218 382 2279 domum
408 2238 440 2280 se
460 2219 575 2296 recepit
594 2216 774 2296 collegisque
798 2219 829 2278 in
851 2228 946 2280 castra
966 2217 1078 2289 scribit,

122 2320 161 2362 ne
180 2301 318 2378 Verginio
333 2309 528 2363 commeatum
545 2302 616 2362 dent
630 2310 717 2378 atque
733 2302 821 2362 etiam
835 2303 866 2362 in
882 2301 1013 2364 custodia
1026 2301 1078 2364 ha·

122 2385 220 2446 beant
245 2385 406 2464 inprobum
418 2384 575 2446 consilium
588 2403 703 2454 serum,
719 2394 751 2445 ut
762 2383 877 2453 debuit,
895 2385 964 2457 luit,
982 2389 1080 2448 etiam
1098 2397 1131 2448 10

124 2477 289 2530 commeatu
310 2476 426 2547 suurpto
447 2468 598 2546 profectus
612 2469 768 2543 Verginius
781 2470 876 2545 prima
894 2467 991 2545 uigilia
1007 2477 1079 2537 erat,

125 2570 191 2612 curn
206 2560 324 2629 postero
337 2552 384 2612 die
399 2569 485 2612 mane
501 2551 538 2613 de
553 2549 708 2612 retinendo
725 2568 760 2611 ec
772 2551 952 2628 nequiquam
965 2550 1079 2613 litterae

124 2635 298 2696 redduntur.

186 2717 295 2778 XLVll.
328 2720 384 2779 ιιι·
376 2737 408 2779 rn
422 2718 498 2782 urbe
514 2721 610 2800 prima
624 2718 691 2780 luce
704 2736 772 2779 curn
787 2719 908 2780 civitas
900 2735 932 2778 ιιι
947 2718 1013 2778 toro
1030 2736 1079 2778 ex·
1099 2733 1113 2783 1

124 2804 291 2884 portatione
303 2812 401 2865 erecta
413 2811 518 2875 staret,
533 2804 689 2881 Verginius
701 2801 867 2864 sordidatus
878 2801 967 2863 tiliam
979 2818 1080 2862 secum

126 2878 259 2946 obsoleta
280 2895 373 2956 teste,
394 2889 534 2948 comitant
521 2887 602 2948 tibus
622 2885 734 2964 aliquot
759 2887 917 2955 matronis,
948 2901 1015 2945 cum
1035 2886 1080 2945 in·

126 2971 207 3046 genti
220 2969 431 3031 advocatione
422 2988 454 3030 ιιι
464 2972 563 3031 lorum
575 2971 701 3032 deducit.
728 2971 886 3031 circumire
899 2952 941 3029 lbi
953 2977 982 3030 et
992 2986 1081 3048 pren·
1098 2979 1115 3028 ι

126 3069 193 3112 sare
209 3051 344 3114 homines
358 3055 455 3131 coepit
468 3063 497 3116 et
508 3073 569 3115 non
584 3071 671 3116 orare
690 3053 786 3116 solum
801 3053 967 3132 precariam
985 3069 1080 3130 opem

127 3135 180 3197 scd
195 3153 250 3212 pro
267 3133 363 3196 debita
379 3145 494 3214 petere.
509 3157 541 3199 se
557 3155 612 3216 pro
628 3137 731 3198 liberis
742 3153 846 3198 eorum
861 3154 895 3196 ac
907 3133 1082 3212 coniugibus

127 3219 235 3279 cotidie
246 3221 278 3278 in
290 3221 353 3280 acie
371 3226 465 3290 stare,
481 3239 537 3282 nec
553 3221 643 3282 alium
659 3223 754 3281 virum
770 3239 848 3289 esse,
865 3221 948 3281 cuius
962 3227 1082 3280 strenue

127 3321 161 3362 ae
178 3303 317 3364 ferociter
334 3303 409 3364 lacta
431 3305 463 3363 in
483 3302 562 3366 bello
575 3303 661 3384 plura
679 3305 838 3366 memorari
853 3312 987 3381 possent:
1011 3302 1082 3380 quid

127 3386 283 3462 prodesse,
305 3389 330 3448 si
350 3386 593 3459 incolumiurbe,
614 3407 689 3466 quae
705 3396 789 3466 capta
804 3385 905 3448 ultima
915 3389 1079 3455 timeantur,

127 3467 230 3531 liboris
240 3471 301 3532 suis
317 3473 375 3532 sint
385 3473 541 3550 patienda?
559 3473 632 3532 haec
648 3489 743 3551 prope
754 3470 1011 3534 contionabundus
1023 3469 1082 3530 cir·
