2580 3954
233 185 292 246 160
353 200 448 242 amun
465 200 512 241 111.
539 200 610 242 oar.
625 191 669 246 36.
686 191 729 246 37.
760 184 800 260 [a.
815 203 846 243 u.
863 204 889 243 e.
906 186 986 264 304(
1023 185 1065 263 ·)]

228 349 261 409 in
275 345 392 426 plebem
407 349 512 426 coepit.
544 347 746 409 abstinebatur
763 349 943 427 apatribus;
960 353 992 411 in
1008 350 1186 412 humiliores

228 430 393 494 lubidinose
406 429 622 508 crudeliterque
634 430 852 494 aemulabatur.
865 432 1028 504 hominnm,
1041 451 1102 494 non
1114 452 1185 494 cau·
1205 463 1212 479 ··

229 532 337 586 sarum,
352 517 406 575 toti
421 521 517 584 erant,
535 523 569 574 ut
582 515 659 594 apud
675 532 749 592 quos
767 517 859 593 gratia
874 518 933 576 vim
947 519 1035 594 aequi
1048 516 1184 579 haberet.

192 599 336 661 eiudicia
359 599 439 660 domi
461 597 643 668 conflabant,
666 598 898 677 pronuntiabant
918 602 949 659 in
969 601 1045 660 loro.
1075 602 1102 660 si
1117 604 1185 676 quis
1273 646 1275 679 ,

229 682 372 760 collegam
389 680 572 760 appellasset,
589 682 625 743 ab
643 701 688 752 eo,
703 682 740 743 ad
755 700 844 761 quem
854 691 983 753 venerat,
999 686 1037 744 ita
1048 683 1184 746 discede·

150 786 154 792 ·
191 767 293 836 abat,
318 776 351 827 ut
369 768 535 845 paeniteret
554 781 615 824 non
641 767 751 843 prioris
777 767 896 828 decreto
919 769 1043 828 stetisse,
1080 769 1184 844 opinio

229 853 316 913 etiam
336 852 401 910 sine
423 855 544 910 auctore
567 850 678 910 exierat
699 866 760 910 non
780 852 812 910 in
827 852 991 928 praesentis
1004 851 1094 912 modo
1109 858 1184 912 tem·

227 935 310 1013 poris
332 951 383 994 eos
406 933 545 992 iniuriam
559 935 758 1011 conspirasse,
780 934 833 995 sed
848 933 953 996 foedus
968 933 1183 995 clandestinum

226 1020 306 1078 inter
315 1019 396 1096 ipsos
406 1018 472 1077 iure
483 1015 607 1078 iurando
617 1017 717 1087 ictum,
734 1035 773 1078 ne
784 1019 902 1078 comitia
916 1017 1062 1100 haherent
1074 1035 1183 1096 perpe·

227 1110 339 1179 tuoque
347 1099 994 1177 decemviratupossessnmsemelobtinerent
1006 1103 1182 1178 imperium.

195 1212 208 1262 1
288 1183 427 1246 XXXVII.
457 1183 711 1261 circumspectare
725 1192 788 1262 tum
802 1186 996 1263 patriciorum
1009 1183 1106 1245 vultus
1119 1183 1183 1262 ple-

226 1269 276 1331 bei
292 1277 321 1331 et
340 1269 410 1330 inde
429 1265 573 1328 libertatis
588 1274 707 1346 captare
724 1285 841 1339 auram,
862 1267 940 1330 unde
962 1269 1132 1329 servitutem
1146 1269 1183 1328 ti·

189 1370 210 1419 a
227 1354 335 1416 mendo
350 1354 381 1413 in
397 1369 466 1414 eum
479 1358 586 1413 statum
598 1368 663 1413 rem
681 1350 832 1430 publicam
847 1352 1037 1414 adduxerant.
1071 1352 1182 1428 primo·

226 1455 277 1500 res
297 1444 416 1515 patrum
434 1435 535 1498 odisse
554 1434 751 1505 decemviros,
773 1435 870 1497 odisse
884 1433 1017 1514 plebem;
1037 1452 1095 1495 nec
1111 1453 1183 1512 pro-

227 1520 300 1580 bare
311 1536 387 1597 quae
397 1518 513 1587 fierent,
528 1525 557 1578 et
567 1517 691 1578 credere
701 1518 780 1579 haud
790 1519 921 1597 indignis
933 1518 1082 1586 accidere;
1099 1518 1182 1579 avide

226 1601 341 1664 ruendo
355 1601 393 1662 ad
413 1599 578 1662 libertatem
597 1602 629 1661 iu
644 1604 813 1663 servitutem
835 1600 950 1681 elapsos
970 1603 1071 1662 iurare
1086 1600 1181 1670 nolle;

191 1711 209 1763 3
228 1685 379 1748 cumulare
402 1701 530 1766 quoque·
541 1685 678 1755 iniurias,
698 1691 731 1745 ut
745 1684 841 1748 taedio
855 1687 1054 1764 praesentium
1074 1702 1181 1746 consu·
1260 1753 1266 1766 ι

227 1770 270 1832 les
294 1769 352 1830 duo
373 1768 491 1830 tandem
509 1776 538 1830 et
558 1775 649 1830 status
663 1769 804 1847 pristinus
825 1786 927 1830 rerum
948 1771 979 1828 in
1001 1768 1181 1831 desiderium

227 1855 353 1915 veniant.

189 1958 208 2005 4
290 1937 352 1999 lam
374 1943 402 1998 et
420 1944 608 2014 processerat
626 1953 695 2014 pars
714 1938 808 1996 maior
823 1938 907 2006 anni,
928 1944 957 1997 et
973 1936 1047 1997 duae
1065 1934 1182 1996 tabulae

226 2023 326 2101 legum
346 2020 384 2081 ad
397 2021 507 2097 prioris
521 2019 592 2078 anni
606 2019 710 2081 decem
723 2018 838 2081 tabulas
857 2026 943 2081 erant
958 2019 1107 2089 adiectae,
1125 2035 1181 2080 nec
1276 2046 1278 2061 ‹

227 2108 385 2184 quicquam
404 2104 464 2163 iam
484 2109 654 2181 supererat,
672 2105 698 2164 si
714 2122 766 2164 eae
781 2120 900 2181 quoque
914 2102 996 2181 leges
1012 2103 1183 2164 centuriatis
1275 2112 1278 2169 t

228 2189 354 2249 comitiis
374 2184 506 2265 perlatae
526 2196 638 2254 essent,
659 2204 713 2246 our
732 2205 767 2247 eo
788 2189 959 2265 magistratu
978 2188 1027 2248 rei·
1045 2184 1182 2264 publicae

190 2292 210 2341 ‚5
229 2289 303 2349 opus
326 2274 412 2330 esset
442 2267 649 2346 expectabant,
672 2287 760 2346 quam
776 2288 844 2331 mox
859 2268 1031 2331 consulibus
1045 2268 1182 2329 creandis

228 2354 344 2414 comitia
364 2351 560 2414 edicerentur.
597 2354 627 2414 id
647 2353 737 2414 modo
756 2353 875 2432 plebem
890 2353 1031 2432 agitabat,
1052 2369 1181 2430 quonam

227 2437 315 2508 modo
330 2435 520 2497 tribuniciam
533 2444 717 2515 potestatem,
732 2439 947 2499 munimentum
960 2436 1098 2506 libertati,
1117 2453 1181 2496 rem

192 2535 210 2586 o
227 2523 424 2582 intermissam
440 2529 628 2598 repararent:
652 2539 719 2582 cum
737 2523 856 2582 interim
870 2523 980 2582 mentio
995 2521 1179 2581 comitiorum

227 2605 308 2666 nulla
328 2605 403 2666 lieri.
432 2612 461 2666 et
480 2603 652 2675 decemviri,
668 2607 720 2683 qui
733 2603 1021 2684 primotribunicios
1035 2603 1180 2671 homines,

228 2691 297 2767 quia
310 2687 341 2748 id
358 2686 501 2765 populare
516 2686 695 2759 habebatur,
711 2691 823 2749 circum
841 2707 872 2750 se
888 2694 1105 2750 ostentaverant
1118 2685 1181 2764 ple·
1275 2694 1278 2723 ¹

226 2771 286 2842 bei,
304 2772 435 2849 patriciis
448 2770 603 2832 iuvenibus
619 2780 790 2850 saepserant
806 2771 906 2833 latera.
932 2789 1036 2833 eorum
1048 2777 1183 2831 catervae

192 2855 386 2918 atribunalia
409 2853 592 2915 obsidebant.
625 2856 656 2915 hi
677 2857 757 2918 lerre
778 2873 865 2932 agere
887 2854 1006 2934 plebem
1027 2851 1182 2931 plebisque

227 2957 293 3009 res,
309 2955 376 2998 cum
396 2937 529 3008 lortuna,
547 2955 605 3016 qua
620 2938 763 3017 quidquid
783 2941 915 3018 cupitum
928 2940 1020 3008 soret,
1035 2937 1182 3016 potentio-
1280 2995 1282 3012 Α

189 3023 270 3089 sris
293 3029 377 3084 esset.
416 3033 445 3083 et
464 3023 523 3082 iam
544 3040 582 3084 ne
603 3031 687 3100 tergo
708 3024 828 3100 quidem
849 3021 1067 3083 abstinebatur:
1093 3021 1182 3096 virgis
1281 3027 1282 3040 ¹

228 3107 327 3176 caedi,
346 3105 396 3166 alii
416 3108 513 3168 securi
535 3105 644 3176 subici,
667 3115 696 3166 et
714 3123 752 3167 ne
775 3108 900 3186 gratuita
921 3103 1078 3166 crudelitas
1094 3111 1181 3172 esset,

227 3200 375 3252 bonorum
390 3190 508 3251 donatio
525 3192 610 3268 sequi
632 3190 743 3250 domini
758 3189 944 3268 supplicium.
974 3188 1030 3248 hac
1043 3186 1183 3247 mercede

227 3280 362 3334 iuventus
382 3273 490 3336 nobilis
510 3282 650 3352 corrupta
669 3290 729 3335 non
747 3274 834 3334 modo
856 3292 916 3335 non
937 3275 983 3333 iro
1005 3269 1122 3332 obviam
1137 3271 1181 3328 in·

227 3358 332 3497 {ubriae
348 3355 401 3418 sed
416 3357 570 3437 propalam
584 3356 733 3420 licentiam
748 3375 831 3419 suam
844 3356 932 3421 malle
947 3373 1037 3434 quam
1049 3355 1183 3415 omnium

239 3439 249 3497 i
272 3445 402 3500 ertatem.
