2572 3956
202 232 264 294 144
425 243 521 284 urnnn
535 242 582 284 111.
609 243 680 284 can.
697 235 739 288 19.
762 223 800 302 [a.
818 243 846 284 ιι.
864 245 889 284 c.
908 221 971 300 294]

166 414 184 464 2
202 395 248 470 agi
263 392 300 452 de
317 391 393 470 lege.
422 390 478 452 lrae
495 399 618 453 tenuere
642 392 846 452 contentiones
868 406 961 466 usque
979 390 1016 451 ad
1040 393 1159 453 comitia

202 474 331 536 consulis
353 473 543 551 subrogandi.
590 473 748 536 Decembri
772 491 1014 534 mense-summo
1040 481 1160 553 patrum

201 559 297 620 studio
323 558 355 619 L.
382 556 535 626 Quinctius
561 559 750 620 Cincinnatus
777 563 861 637 pater
885 557 1027 619 Caesonis
1055 557 1158 619 consul

167 656 184 710 a
203 649 328 713 creatur,
346 643 397 719 qui
414 642 617 718 magistratum
639 643 735 702 statim
752 642 912 718 occiperet.
941 640 1079 720 perculsa
1095 649 1160 702 crat

201 725 304 806 plebes
316 725 468 786 consulem
478 723 615 785 habitura
627 726 743 794 iratum,
758 730 909 802 potentem
921 723 1020 785 farore
1032 731 1157 802 patrum,

201 811 307 871 virtute
320 827 388 878 sua,
403 807 496 868 tribus
512 807 630 877 liberis,
649 824 775 885 cpuorum
790 824 878 871 nemo
897 807 1022 868 Caesoni
1036 807 1160 870 cedebat

201 892 402 970 magnitudine
418 891 524 962 animi,
549 891 705 952 consilium
722 891 884 951 atmodum
902 891 1085 962 adhibendo,
1106 891 1157 952 ubi

167 994 250 1043 ores
264 983 416 1053 posceret,
438 975 554 1053 priores
578 983 669 1037 erant.
697 977 778 1036 isut
789 975 996 1052 magistratum
1012 975 1091 1046 iniit,
1108 975 1159 1036 ad·

106 1085 107 1088 ¹
204 1059 297 1120 siduis
314 1057 501 1120 contionibus
521 1077 577 1138 pro
598 1057 739 1120 tribunali
763 1075 824 1118 non
841 1059 872 1118 in
888 1056 976 1136 plebe
993 1059 1156 1120 coercenda

204 1160 291 1220 quam
312 1150 416 1204 senatu
437 1143 604 1285 castigando
627 1141 830 1204 vehementior
852 1141 921 1212 fuit,
946 1142 1029 1203 cuius
1045 1143 1158 1204 ordinis

203 1226 345 1304 languore
362 1227 498 1306 perpetui
513 1228 573 1287 iam
587 1225 700 1287 tribuni
715 1225 820 1305 plebis,
839 1241 899 1286 uon
912 1226 961 1285 ut
953 1243 984 1284 m
995 1244 1029 1286 rc
1040 1217 1156 1326 publica
1270 1249 1271 1254 ¹

203 1309 306 1389 populi
321 1309 461 1380 Romani,
483 1310 536 1373 scd
556 1312 610 1372 ut
602 1327 633 1371 m
652 1310 766 1390 perdita
785 1309 887 1378 domo,
911 1307 1011 1387 lingua
1026 1311 1158 1370 crimini·

168 1409 185 1460 a
203 1393 317 1471 busque
334 1401 503 1472 regnarent.
537 1413 605 1455 cum
620 1395 751 1455 Caesone
772 1391 903 1454 filiosuo
921 1394 1071 1464 virtutem,
1087 1411 1158 1454 eon·

201 1479 353 1546 stantiam,
376 1477 473 1537 omnia
500 1478 657 1538 iuventutis
686 1476 758 1538 belli
784 1476 922 1556 domique
944 1477 1051 1538 decora
1074 1476 1159 1556 pulsa

202 1579 238 1622 ex
253 1559 328 1620 urbe
341 1559 473 1620 Romana
491 1569 520 1622 et
535 1560 633 1638 iugata
649 1578 728 1622 esse:
752 1560 908 1638 loquaces,
925 1560 1095 1632 seditiosos,
1111 1580 1157 1622 se

200 1645 280 1704 mina
302 1642 533 1714 discordiarum,
553 1646 662 1705 iterum
681 1662 727 1705 ac
735 1645 855 1706 tertium
873 1641 1008 1706 tribunos
1021 1647 1158 1722 pessimis

167 1725 314 1796 cantibus
329 1728 411 1804 regia
426 1725 546 1814 licentia
565 1730 672 1789 virere.
703 1727 834 1799 „Nudus
853 1729 978 1805 inquit,
981 1727 1041 1798 ,ille
1056 1729 1159 1806 Vergi-

201 1813 277 1881 nius,
294 1811 362 1887 quia
377 1811 408 1871 in
422 1799 565 1889 Capit'olio
583 1829 643 1872 non
660 1811 723 1882 tuit,
742 1813 839 1872 minus
851 1811 989 1891 supplicii
1000 1828 1088 1910 quarn
1099 1813 1158 1890 dp·

200 1895 268 1974 pius
283 1893 451 1956 Herdonius
470 1895 599 1958 meruiti
623 1894 691 1973 plus
706 1894 829 1956 hercule
846 1893 1006 1972 aliquanto,
1022 1897 1158 1972 quivere

200 1996 265 2039 rem
284 1980 438 2039 aestimare
455 1977 532 2040 velit.
556 1979 734 2049 Herdonius,
750 1979 775 2040 si
793 1977 867 2038 nihil
889 1977 977 2048 aliud,
991 1979 1107 2041 hostem
1125 1997 1158 2040 se
1270 2027 1271 2050 ,

201 2061 320 2122 latendo
345 2076 440 2141 prope
465 2061 661 2132 denuntiavit,
689 2069 721 2122 ut
747 2079 829 2123 arma
839 2064 1010 2140 caperetis;
1034 2062 1083 2123 hic
1105 2081 1158 2124 ne-

157 2139 298 2222 'gande
319 2143 397 2205 bclla
414 2163 478 2206 esse
494 2163 575 2206 arma
590 2145 672 2207 tobis
687 2146 809 2221 ademit,
830 2144 985 2222 nudosque
1001 2163 1093 2208 serus
1108 2164 1158 2208 ae·

166 2229 269 2295 astris
296 2235 336 2288 ct
352 2227 487 2288 exulibus
513 2228 630 2291 obiecit.
665 2237 695 2290 et
720 2247 829 2290 vos-
853 2229 883 2290 C
901 2229 1002 2290 Claudi
1027 2247 1100 2308 pace
1127 2237 1156 2292 et

199 2309 289 2372 Publi
308 2310 405 2371 Valeri
426 2313 535 2372 mortui
555 2311 660 2390 loquar
678 2347 713 2358 -
731 2314 814 2392 prius
835 2313 866 2373 in
889 2312 996 2374 clitum
1020 2313 1155 2393 Capitoli·

200 2411 270 2454 num
294 2395 336 2472 si„
321 2411 376 2454 ⁰na
399 2394 554 2467 intulistis,
577 2415 664 2475 quam
679 2396 735 2458 lros
752 2397 844 2458 hostis
862 2397 898 2458 de
914 2397 980 2458 soro
997 2396 1158 2458 tolleretis?

200 2477 291 2556 pudet
307 2477 431 2539 deorum
447 2479 670 2556 hominumque.
693 2499 760 2541 oum
774 2480 898 2542 hostcs'
890 2498 921 2540 ιιι
934 2498 1012 2551 arce,
1028 2483 1060 2540 in
1072 2481 1156 2578 Capi·

199 2560 272 2622 tolio
294 2569 406 2633 essent,
435 2561 553 2624 exulum
575 2571 603 2625 et
625 2581 778 2626 serrorum
800 2565 863 2625 dux
880 2564 1042 2643 profanatis
1062 2566 1157 2626 omni·

200 2643 286 2706 bus
278 2662 309 2704 m
333 2645 407 2706 cella
421 2645 497 2707 lotis
513 2648 616 2725 optimi
635 2649 756 2708 ιιιιιιιιιι
771 2647 933 2718 habitaret,
955 2648 1075 2710 Tusculi
1090 2655 1157 2710 ante

166 2741 183 2793 ιι
200 2745 288 2805 quam
303 2729 414 2790 Romae
428 2737 542 2808 sumpta
560 2738 628 2792 sunt
643 2749 739 2800 arma;
762 2733 793 2792 in
812 2731 901 2792 dubio
916 2731 984 2800 luit,
1007 2739 1106 2792 utrum
1122 2731 1155 2793 L.

199 2811 345 2872 Mamilius
360 2811 544 2874 Tusculanus
563 2815 638 2885 dux,
661 2833 699 2876 an
720 2815 753 2877 P.
772 2814 904 2877 Valerius
928 2823 958 2878 et
972 2815 1003 2877 C.
1020 2814 1157 2878 Claudius
1270 2861 1271 2864 ,

201 2893 338 2956 consules
353 2894 516 2956 Romanam
531 2915 631 2960 arcem
644 2897 822 2968 libcrareut;
845 2907 875 2961 et
889 2900 940 2976 qui
954 2906 1021 2961 ante
1036 2899 1156 2961 Latinos
1270 2923 1271 2980 ι

199 2991 238 3039 ne
252 2995 308 3057 pro
326 2997 358 3040 se
374 2979 493 3056 quidem
511 2982 599 3061 ipsis,
620 3000 687 3043 cum
702 2984 733 3044 in
747 2982 856 3044 linibus
870 2982 985 3044 hostem
999 2982 1147 3045 haberent
1270 2989 1271 3018 ³

199 3063 343 3141 attingere
359 3081 440 3124 arma
456 3067 534 3142 passi
550 3083 666 3136 sumus,
685 3083 779 3136 nunc,
798 3067 857 3128 nlsi
870 3066 967 3127 Latini
981 3085 1035 3129 sua
1049 3073 1156 3146 sponte

164 3159 181 3210 9
198 3163 279 3206 arma
296 3149 498 3226 sumpsissent,
516 3152 593 3228 capti
605 3157 633 3211 et
644 3149 732 3212 deleti
743 3151 875 3212 eramus!
890 3149 948 3210 hoc
962 3157 1014 3221 est,
1032 3149 1153 3218 tribuni,

199 3229 339 3290 auxilium
355 3229 438 3308 plebi
448 3231 537 3302 ferre,
554 3235 699 3295 inermem
709 3251 773 3294 eam
785 3234 864 3295 hosti
873 3234 1079 3297 trucidandam
1090 3233 1155 3295 obi·

199 3313 286 3373 cerei
314 3312 442 3386 scilieet,
465 3317 490 3376 si
511 3318 577 3393 quis
599 3315 682 3378 vobis
703 3317 884 3378 humillimus
898 3317 988 3378 homo
1006 3319 1044 3380 de
1059 3325 1156 3380 vestra

199 3393 300 3472 plebe,
327 3412 414 3472 quam
427 3407 542 3475 partem
561 3399 639 3463 velut
655 3399 810 3480 abruptam
829 3420 846 3462 a
862 3408 962 3463 cetero
980 3401 1155 3481 populove·

189 3485 288 3538 'stram
311 3481 435 3558 patriam
456 3482 696 3563 peculiaremque
720 3484 956 3567 rempublicam
977 3486 1108 3557 fecistis,
1128 3487 1155 3548 sl
