2534 3956
330 234 425 278 umns
442 236 471 277 v.
499 235 567 278 ose.
583 227 608 280 3.
626 225 653 278 4.
674 217 714 295 [a.
733 214 767 276 O.
793 214 856 292 403]
1001 218 1064 281 259

72 379 74 384 ’
113 385 178 446 flcio
199 403 233 445 ao
253 383 397 445 maleficio
414 382 555 445 abstineri
572 399 677 444 aecum
694 387 830 450 censent,
846 379 888 442 sic
905 399 956 442 vos
972 381 1065 443 inter-

114 468 189 529 dicto
201 466 333 546 patribus
348 467 526 527 commercio
538 465 643 546 plebis,
659 482 697 526 ne
708 482 763 526 nos
775 464 911 526 comitate
922 481 957 524 ao
968 466 1064 525 muni·

5 599 6 606 κ
112 552 228 612 licentia
243 557 342 611 nostra
354 567 547 628 provocemus
561 547 696 629 plebem,
714 565 771 610 neo
785 546 870 627 plebs
884 546 971 608 nobis
986 547 1063 609 dicto

112 635 233 695 audiens
251 640 339 710 atque
351 631 512 694 oboediens
523 634 569 694 sit.
596 639 704 711 quanto
720 632 854 702 tandem,
868 633 892 692 si
908 631 1065 710 quicquam

112 715 246 778 innubis
271 733 331 776 non
357 715 423 776 dico
444 715 536 776 civilis
561 716 612 777 sed
633 716 754 776 humani
779 704 871 785 sisset,
893 714 992 776 lavere
1012 732 1064 775 ros

112 802 204 879 magis
225 807 253 862 et
269 806 410 878 quantum
431 799 463 859 in
484 797 567 861 vobis
589 807 666 861 esset
686 798 840 876 indulgere
861 799 959 877 potius
974 799 1063 858 comi·

111 887 162 946 tati
175 892 292 963 patrum
309 890 396 961 atque
417 882 559 961 obsequio
579 882 675 962 plebis
693 882 841 963 oportuit?
864 898 939 959 quae
955 882 979 942 si
994 898 1063 962 per·
1083 893 1113 947 lu

111 977 198 1047 petua
219 967 377 1028 concordia
398 967 450 1037 sit,
478 968 543 1045 quis
560 984 620 1027 non
635 967 782 1046 spondere
808 967 884 1028 ausit
904 967 1063 1026 maximum

111 1051 167 1112 hoo
183 1053 340 1131 imperium
355 1051 433 1112 inter
448 1051 587 1112 finitimos
605 1049 689 1111 brevi
703 1050 835 1110 futurum
850 1049 952 1110 essel“

173 1136 218 1195 IV.
246 1134 360 1212 „Atque
373 1151 443 1212 ego,
458 1150 545 1209 quam
555 1133 613 1193 hoc
625 1133 781 1193 consilium
793 1131 973 1209 collegarum
983 1150 1065 1193 meo·
1085 1143 1097 1196 1
1122 1190 1124 1192 ,

111 1237 192 1287 rum,
212 1235 270 1294 quo
282 1215 429 1277 abducere
443 1217 552 1276 inlecta
562 1233 596 1277 re
613 1217 709 1277 aVeis
721 1217 884 1278 exercitum
894 1214 1064 1286 noluerunt,

111 1319 171 1362 non
189 1299 259 1361 utile
276 1299 371 1360 solum
386 1299 438 1360 sed
455 1301 542 1359 etiam
559 1301 760 1360 necessarium
773 1298 878 1369 fuerit,
892 1306 994 1377 postea
1006 1298 1064 1358 dis·

111 1402 221 1448 seram:
249 1401 329 1444 nunc
346 1383 382 1444 de
397 1383 460 1462 ipsa
479 1382 654 1444 condicione
669 1382 768 1444 dicere
782 1381 969 1444 militantium
984 1381 1063 1444 libet.

112 1486 198 1546 quam
219 1467 383 1528 orationem
406 1483 467 1527 non
485 1466 564 1546 apud
582 1484 632 1528 vos
650 1465 762 1537 solum,
785 1465 943 1528 sedetiam
964 1467 996 1527 in
1017 1484 1098 1533 cae

58 1615 60 1621 ,
111 1553 179 1613 stris
194 1552 219 1613 si
233 1549 376 1612 habeatur
398 1552 462 1629 ipso
489 1551 619 1611 exercitu
642 1550 822 1629 disceptante
840 1568 963 1628 aequam
986 1549 1064 1612 arbi·

110 1643 174 1696 tror
187 1636 281 1696 videri
294 1652 397 1714 posse,
411 1635 444 1695 iu
459 1650 530 1711 qua,
547 1634 573 1695 si
589 1633 662 1694 milri
676 1637 740 1713 ipse
756 1633 828 1694 nihil
840 1635 919 1712 quod
934 1635 1063 1695 dicerem

109 1721 140 1779 in
155 1725 282 1781 mentem
294 1719 395 1780 venire
410 1725 518 1796 posset,
535 1716 771 1778 adversariorum
786 1724 867 1778 certe
883 1715 1064 1778 orationibus

110 1809 263 1864 contentus
279 1819 383 1863 essem.
414 1800 561 1878 negabant
575 1817 671 1879 nuper
688 1800 783 1861 danda
802 1819 866 1862 esse
881 1818 950 1862 aera
965 1799 1064 1861 militi·
1082 1819 1098 1870 3
1171 1851 1173 1856 .

108 1886 174 1954 hus,
189 1886 256 1963 quia
268 1901 429 1961 numquam
440 1883 505 1943 data
518 1890 623 1944 essent.
644 1900 771 1961 quonam
782 1885 870 1944 modo
882 1886 971 1962 igitur
985 1901 1064 1944 nunc

109 1968 256 2045 indignari
275 1974 412 2045 possunt,
428 1965 534 2044 quihus
549 1964 659 2045 aliquid
673 1968 742 2026 novi
756 1967 902 2028 adiectum
918 1966 1065 2028 commodi

108 2053 160 2120 sit,
183 2051 226 2112 eis
241 2049 374 2110 laborem
389 2050 476 2111 etiam
490 2066 598 2109 norum
612 2067 667 2129 pro
681 2051 818 2130 portione
833 2051 965 2129 iniungi?
994 2067 1063 2111 nus·
1082 2073 1098 2126 4

109 2151 197 2213 quam
209 2151 265 2195 uec
274 2149 363 2212 opera
375 2135 440 2195 sine
452 2130 650 2195 emolumento
661 2151 718 2194 uec
730 2132 960 2195 emolumentum
971 2134 1064 2195 sermo

108 2219 172 2279 sine
184 2219 308 2296 inpensa
320 2234 409 2295 opera
422 2224 474 2278 est.
497 2214 581 2276 labor
592 2214 793 2295 voluptasque,
807 2215 1000 2278 dissimillima
1012 2234 1063 2276 na·

106 2309 182 2372 tura,
190 2302 329 2362 societate
339 2300 462 2378 quadam
474 2301 551 2362 inter
559 2318 591 2362 se
603 2299 729 2360 naturali
741 2307 809 2362 sunt
818 2301 926 2362 iuncta.
940 2299 1063 2362 moleste
1081 2326 1098 2378 5

107 2393 191 2447 antea
214 2383 329 2448 serebat
345 2383 429 2446 miles
452 2403 484 2445 se
500 2401 553 2446 suo
574 2389 693 2462 sumptu
713 2400 835 2462 operam
856 2386 902 2445 rei
926 2383 1063 2463 publicae

106 2468 270 2549 praebere;
287 2467 433 2545 gaudebat
442 2467 520 2528 idem
536 2473 650 2544 partem
661 2467 731 2526 anni
748 2485 780 2527 se
795 2483 898 2544 agrum
915 2485 1001 2528 suum
1012 2486 1063 2528 oo·

106 2551 186 2621 lere,
209 2568 368 2627 quaerere,
390 2549 470 2609 unde
484 2548 563 2609 domi
585 2548 763 2626 militiaeque
787 2568 819 2610 se
842 2567 876 2610 ac
896 2567 965 2610 suos
986 2551 1063 2611 tueri

106 2640 221 2714 posset:
238 2631 346 2710 gaudet
361 2650 441 2693 nuno
451 2631 559 2692 fructui
574 2629 630 2692 sibi
644 2649 708 2693 rem
722 2631 871 2711 publicam
884 2651 948 2694 esse
961 2640 989 2694 et
1003 2633 1062 2694 lue·
1080 2661 1098 2712 θ

46 2734 50 2748 ’
106 2725 154 2780 tus
169 2715 347 2796 stipendium
358 2717 473 2794 accipit.
502 2731 596 2791 aequo
614 2716 703 2793 igitur
722 2716 819 2777 anirno
834 2718 962 2795 patiatur
977 2736 1009 2778 se
1025 2715 1061 2777 ab

107 2802 212 2872 domo,
227 2799 264 2860 ab
276 2818 310 2862 re
324 2798 477 2870 familiari,
500 2799 549 2859 oui
564 2800 660 2876 gravis
675 2799 799 2877 inpensa
814 2817 874 2861 non
893 2808 951 2871 est,
974 2799 1062 2879 paulo

107 2885 216 2946 diutius
230 2882 343 2946 abesse.
373 2901 428 2956 an,
443 2885 468 2944 si
483 2881 520 2943 ad
539 2880 667 2947 calculos
684 2901 752 2944 eum
766 2901 816 2946 res
830 2883 948 2963 publica
965 2891 1060 2956 uocet,
1078 2900 1094 2948 't

106 2986 167 3030 non
178 2969 282 3029 merito
294 2967 372 3030 dicat
388 2985 505 3039 „annua
519 2983 587 3028 aera
597 2965 705 3038 habes,
724 2983 852 3029 annuam
863 2985 985 3047 operam
997 2967 1060 3030 ede.

107 3070 144 3114 en
163 3060 197 3112 tu
213 3069 317 3112 aecum
336 3069 439 3113 censes
456 3050 556 3110 militia
577 3051 733 3112 semenstri
754 3051 882 3114 solidum
899 3059 929 3114 te
951 3053 1061 3130 stipen-

106 3136 188 3198 dium
202 3135 381 3211 acoiperei“
411 3135 517 3195 invitus
531 3135 562 3194 in
579 3132 732 3210 harperto
748 3135 906 3206 orationis,
922 3131 1060 3206 Quirites,
1078 3157 1095 3209 u

105 3236 222 3280 moror:
242 3219 285 3279 sio
300 3217 379 3279 euim
391 3234 478 3296 agere
494 3217 602 3280 debent
612 3216 665 3294 qui
675 3220 860 3279 mercenario
870 3217 962 3280 milite
973 3225 1060 3280 utun·

105 3311 163 3364 tur.
200 3319 255 3363 uos
273 3308 422 3378 tamquam
445 3319 512 3361 cum
532 3301 643 3361 ciuibus
667 3316 756 3378 agere
776 3300 926 3374 volumus,
955 3304 1060 3380 agique

9 3387 16 3396 '
104 3394 254 3463 tamquam
269 3403 336 3446 cum
351 3385 445 3464 patria
461 3382 614 3444 nobiscum
630 3401 733 3445 aecum
745 3402 907 3447 censemus.
938 3397 987 3446 aut
1000 3403 1059 3446 non
1076 3405 1094 3457 u

105 3469 216 3548 suscipi
232 3467 343 3530 bellum
356 3469 501 3548 oportuit,
518 3474 570 3528 aut
584 3469 648 3546 geri
664 3484 720 3546 pro
733 3467 988 3618 dignitqtqpopuli
999 3469 1059 3528 llo-
