2534 3956
230 186 291 248 292
366 199 462 242 urana
481 199 512 243 v.
541 174 612 242 313.
627 191 671 246 33.
685 191 730 246 36.
755 181 796 258 [3.
812 201 844 243 u.
863 201 890 242 c.
906 191 968 246 333.
984 179 1047 256 334]

230 347 267 409 31
283 348 389 410 Utente
407 347 530 410 flumine
550 365 645 425 usque
665 348 702 408 ad
717 349 817 410 Aesim
830 349 905 410 lines
927 345 1072 409 habuere.
1106 347 1186 413 bane

230 438 346 510 gentem
358 431 489 494 Clusium
499 431 682 510 Romamque
695 431 765 493 inde
774 433 890 494 3331333
904 431 1071 509 comperio;
1086 431 1119 492 id
1133 449 1186 512 pa·

229 533 297 576 rum
319 522 434 578 certum
453 522 513 586 331,
538 515 670 578 solamne
694 513 789 576 anab
810 513 947 576 omnibus
968 512 1186 592 Cisalpinorum

229 599 380 662 Gallorum
396 598 514 679 populis
528 599 664 660 adiutam.

196 697 212 744 3
292 682 404 745 Clusini
417 701 494 743 novo
511 681 590 745 bello
608 683 756 752 exterriti,
780 701 849 744 oum
865 681 1098 752 multitudinem,
1116 701 1186 744 cum
1246 649 1249 658 Ι

227 767 339 829 formas
354 765 508 827 hominum
524 768 683 828 invisitatas
697 773 855 828 cernerent
870 772 900 827 31
914 783 1008 843 genus
1022 783 1186 838 armorum,

228 850 423 928 audirentque
434 868 523 929 saepe
535 848 571 910 ab
583 851 620 910 iis
628 851 672 910 cis
683 850 795 911 Padum
806 848 944 928 ultraque
953 847 1086 926 legiones
1097 849 1187 910 Etru·

228 949 349 1013 socrum
369 932 465 1003 fusas,
486 950 664 1011 quanquam
681 934 820 995 advorsus
839 932 989 994 Romanos
1007 929 1125 992 nillum
1146 935 1188 995 eis

228 1017 275 1076 ins
293 1015 440 1078 societatis
452 1016 633 1079 amicitiaeue
646 1023 726 1086 erat,
741 1018 799 1078 nisi
815 1016 893 1095 quod
908 1016 1044 1078 Veientes
1059 1033 1187 1078 consan-

229 1101 353 1178 guineos
374 1099 514 1162 adversus
538 1099 682 1180 populum
704 1100 870 1162 Romanum
891 1116 952 1160 nou
974 1087 1187 1172 atteiensem,
1255 1149 1256 1189 ἰ

229 1181 341 1261 legatos
351 1181 492 1253 Romam,
512 1186 564 1261 qui
575 1183 716 1245 auxilium
730 1183 767 1244 ab
779 1192 883 1244 senatu
900 1190 1049 1262 peterent,
1064 1183 1187 1246 misere.
1252 1216 1256 1237 ι

195 1266 266 1328 ode
286 1265 394 1328 auxilio
412 1266 485 1328 nihil
502 1270 705 1347 impetratum:
724 1267 814 1346 legati
829 1267 866 1328 M.
887 1266 961 1328 Fabi
982 1265 1117 1335 Ambusti
1136 1267 1190 1328 lilii

228 1351 326 1420 missi,
354 1351 407 1428 qui
425 1358 545 1413 senatus
566 1350 669 1431 populi
690 1350 816 1411 Romani
836 1352 957 1412 nomine
974 1357 1096 1427 agerent
1120 1369 1189 1412 cnm

230 1432 336 1502 Gallis,
354 1451 407 1503 ue,
425 1453 442 1494 a
461 1434 569 1513 quibus
588 1433 700 1496 nullam
716 1435 855 1495 iniuriam
872 1435 1072 1512 accepissem,
1088 1437 1189 1496 socias

230 1515 334 1595 populi
349 1517 475 1579 Romani
495 1527 582 1596 atque
606 1519 717 1580 amicos
730 1524 946 1596 oppugnarent
978 1516 1119 1578 Romanis
1138 1536 1189 1579 eos

228 1597 307 1662 bello
325 1617 459 1679 quoque,
474 1602 500 1664 si
516 1619 565 1664 res
581 1612 681 1680 cogat,
701 1602 827 1663 tuendos
846 1618 920 1668 3333;
954 1601 1007 1661 sed
1023 1598 1129 1662 melius
1146 1603 1189 1662 ri-

229 1699 295 1745 sum
310 1682 421 1746 bellum
435 1687 533 1763 ipsum
548 1687 693 1756 amoveri,
713 1688 739 1746 si
758 1691 871 1764 posset,
893 1690 924 1745 31
942 1682 1056 1754 Gallos,
1079 1700 1187 1748 novam

229 1772 362 1844 gentem,
378 1785 450 1846 pace
467 1771 566 1847 potius
581 1771 720 1848 cognosci
736 1785 824 1845 quam
839 1769 938 1830 armis.

290 1849 415 1914 XXXVI.
451 1852 529 1914 blitis
545 1851 667 1930 legatio,
688 1855 721 1914 31
740 1851 930 1930 praeferoces
951 1850 1062 1928 legatos
1082 1850 1188 1912 Gallis·
1257 1851 1258 1918 ἶ

230 1951 287 2012 que
302 1936 395 2012 magis
409 1953 497 2014 quam
507 1936 648 1997 Romanis
660 1934 771 1997 similes
785 1934 945 1996 habuisset.
972 1933 1089 2012 quibus,
1105 1940 1188 2012 post·
1257 1975 1258 1980 η

230 2035 316 2095 quam
348 2019 484 2082 mandata
514 2019 671 2081 ediderunt
698 2021 729 2079 in
754 2016 882 2080 concilio
907 2017 1074 2088 Gallorum,
1100 2017 1182 2079 datm

195 2111 211 2160 2
229 2119 419 2178 responsum:
444 2105 500 2164 etsi
514 2120 622 2163 novum
641 2120 750 2164 nomen
774 2101 895 2163 audiant
907 2101 1123 2170 Romanorum,
1145 2111 1186 2163 ta·
1257 2145 1258 2162 ,

228 2201 297 2245 men
313 2185 436 2246 credere
452 2187 532 2246 viros
546 2186 639 2247 fortes
660 2204 741 2256 esse,
760 2202 888 2263 quorum
903 2183 1044 2246 auxilium
1060 2202 1077 2244 3
1093 2183 1190 2247 Clusi-

193 2279 210 2330 a
227 2269 274 2328 nis
289 2269 320 2327 in
334 2284 368 2328 re
379 2268 494 2347 trepida
507 2271 546 2330 311
559 2267 748 2348 inploratum.
782 2275 811 2331 31
825 2269 964 2347 quoniam
975 2268 1123 2345 legatione
1135 2271 1190 2330 ad·

227 2367 328 2411 versus
343 2370 376 2412 se
398 2351 557 2414 maluerint
580 2370 668 2432 quam
692 2354 782 2414 armis
800 2355 878 2414 tueri
892 2354 1005 2420 333133,
1023 2369 1060 2412 33
1074 2371 1106 2412 33
1121 2356 1190 2428 qui-

226 2433 295 2495 dem
309 2451 413 2513 paoem
423 2453 511 2514 quam
522 2436 565 2497 illi
574 2437 708 2498 adferant
721 2438 884 2514 aspernari,
896 2434 1019 2497 siGallis
1030 2435 1190 2511 egentibus

229 2535 315 2594 agro,
332 2537 420 2598 quem
435 2520 521 2582 latius
532 2520 702 2604 possideapt
715 2537 804 2597 quam
816 2518 914 2580 colant
928 2518 1054 2587 Clusini,
1070 2527 1189 2597 partem
1257 2509 1258 2564 1

195 2601 331 2662 asinium
346 2603 525 2666 concedantt
548 2603 633 2666 aliter
651 2621 755 2682 pacem
777 2605 930 2681 impetrari
950 2619 1011 2662 non
1030 2619 1129 2679 posse.
1160 2611 1191 2663 et

227 2702 405 2764 responsum
425 2705 525 2749 coram
544 2687 689 2749 Romanis
707 2686 844 2764 accipere
863 2685 954 2755 velle,
975 2694 1020 2754 et,
1045 2687 1071 2746 31
1094 2703 1189 2764 nege·

228 2776 277 2829 tur
295 2787 380 2847 ager,
398 2787 499 2832 coram
513 2770 608 2832 isdem
617 2770 758 2831 Romanis
773 2769 980 2839 dimicaturos,
997 2775 1030 2828 ut
1047 2771 1190 2830 nuntiare

230 2849 349 2912 domum
370 2860 506 2929 possent,
523 2860 664 2930 quantum
683 2853 758 2916 Galli
777 2855 884 2914 virtute
909 2859 1025 2914 eeteros
1044 2852 1189 2914 mortales

194 2951 210 3000 3
228 2942 422 3012 praestarent.
450 2937 598 3015 quorlmm
612 2937 642 2998 id
653 2940 798 3006 insemel,
815 2954 919 3015 agrum
930 2955 947 2996 a
960 2935 1189 3014 possessoribus

226 3026 329 3097 petere
344 3026 395 3080 ant
408 3021 516 3081 minari
530 3039 612 3082 arma
625 3021 765 3082 Romanis
776 3019 1002 3099 quraerentibus,
1019 3026 1049 3080 et
1063 3020 1138 3097 quiid
1156 3021 1190 3080 in

226 3102 346 3164 Etruria
361 3105 405 3165 rei
421 3103 513 3166 Gallis
528 3113 621 3176 esset,
638 3122 705 3165 cum
725 3103 769 3165 illi
790 3123 823 3166 se
838 3106 870 3164 13
885 3104 1038 3166 armisius
1055 3101 1139 3164 lerre
1159 3112 1191 3164 et
1257 3111 1258 3180 i

227 3188 325 3247 omnia
339 3187 461 3248 fortium
477 3191 609 3250 virorum
626 3207 690 3250 3333
712 3189 851 3249 ferociter
879 3188 1027 3257 dicerent,
1049 3189 1189 3248 accensis
1257 3191 1258 3270 l

227 3271 375 3349 utrimque
390 3273 495 3333 animis
515 3273 551 3334 ad
572 3290 654 3332 arma
670 3272 848 3333 discurritur
864 3280 894 3334 31
908 3269 1055 3349 proelium
1078 3269 1190 3332 conse·
1257 3271 1258 3320 1

194 3353 311 3417 scitur.
348 3353 407 3424 ibi,
421 3357 479 3416 iam
494 3355 668 3434 urgentibus
683 3355 845 3417 Romanam
865 3354 971 3416 urbem
987 3354 1070 3424 fatis,
1093 3353 1190 3431 legati
1257 3373 1258 3420 j

226 3441 329 3495 contra
348 3437 394 3498 ius
408 3440 539 3514 gentium
561 3457 642 3500 arma
658 3441 785 3518 capiunt.
819 3457 874 3500 nec
895 3439 926 3499 id
949 3437 1025 3500 clam
1043 3455 1109 3499 esse
1130 3456 1191 3517 po-
