2534 3956
313 207 409 249 11111
426 207 455 250 v.
482 205 551 248 cnr.
565 197 610 252 49.
625 201 668 252 50.
687 190 726 266 [1.
743 189 775 250 (1.
790 193 851 262 390]
1000 193 1061 256 305

169 353 267 416 XLIX.
299 345 357 416 set
378 337 478 434 diique
504 361 533 414 et
547 354 682 416 homines
696 355 877 433 prohibuere
891 355 1061 434 redemptos
1080 367 1093 419 t

107 442 203 500 rivere
216 433 374 500 Romanos.
404 456 473 498 nam
494 437 571 498 torte
593 439 733 516 quadam,
753 441 925 518 priusquam
941 439 1061 500 infanda

105 539 221 583 merces
235 521 429 601 perficeretur
444 539 498 600 per
514 519 733 601 altercationem
748 521 973 603 nondumomni
987 539 1061 581 auro

104 622 254 684 appenso,
272 605 396 666 dictator
411 595 583 680 intercepit,
601 603 769 681 auferrique
787 624 893 667 aurum
909 606 946 666 de
962 605 1060 666 medio

106 695 136 750 et
158 686 257 770 Gallos
279 681 457 748 summoveri
485 683 575 748 iubet.
615 705 682 749 cum
703 688 747 749 illi
773 691 934 750 renitentes
958 695 1060 768 pactos
1078 705 1095 753 1

106 771 239 832 dicerent
264 790 344 852 sese,
368 775 457 848 negat
478 771 727 850 compactionem
748 779 843 833 ratam
865 792 945 843 esse,
974 789 1059 848 quae,

106 858 263 932 postquam¹
278 855 343 933 ipse
359 855 483 915 ‹lictator
499 861 614 915 creatus
632 863 722 926 esset,
743 857 856 917 iniussu
879 874 932 916 suo
955 854 992 916 ab
1013 855 1059 914 in·

106 937 222 1000 terioris
237 939 311 1000 iouis
328 931 500 1030 magistratu
521 937 597 998 iacta
613 947 705 1007 esset;
731 929 942 1018 denuntiatque
958 937 1058 1008 Gallis,

105 1026 137 1080 11
150 1041 181 1082 se
202 1021 239 1083 ad
259 1019 406 1105 proelium
425 1021 590 1099 expediant.
622 1041 691 1082 suos
707 1024 739 1081 in
761 1040 900 1084 acervum
922 1023 1059 1083 conicere
1076 1033 1094 1086 a

103 1106 235 1165 sarcinas
256 1111 285 1166 11
307 1117 388 1164 arma
412 1111 513 1182 aptare
534 1103 674 1180 ferroque
698 1121 758 1164 non
784 1122 857 1166 auro
879 1121 1059 1183 recuperare

104 1189 228 1265 patriam
245 1185 328 1248 iubet
345 1189 376 1246 in
396 1194 554 1268 conspectu
571 1185 714 1248 habentes
725 1187 791 1247 lan‘a
805 1187 894 1249 deum
912 1194 942 1250 et
955 1187 1057 1248 coniu-

104 1288 155 1346 ges
178 1277 208 1331 et
227 1267 339 1332 liberos
363 1263 392 1330 et
411 1265 507 1330 solum
529 1269 643 1348 patriae
667 1270 799 1332 deforme
823 1270 895 1332 belli
923 1270 1008 1331 malis
1031 1279 1060 1331 et

105 1353 215 1422 omnia,
238 1370 313 1432 quae
329 1352 446 1414 delendi
459 1353 613 1436 repetique
632 1359 661 1414 et
679 1352 783 1423 ulcisci
803 1355 907 1417 fassit.
941 1355 1095 1414 instruite

103 1436 210 1498 deinde
224 1437 333 1508 aciem,
355 1445 388 1496 ut
402 1435 459 1497 loci
475 1443 580 1497 natura
595 1436 761 1516 patiebatur
776 1439 807 1498 in
821 1440 980 1500 semirutae
995 1435 1058 1498 solo

102 1517 185 1580 urbis
200 1527 229 1583 et
249 1522 353 1581 natura
373 1519 534 1598 inaequali,
559 1527 588 1582 et
608 1521 720 1592 omnia,
741 1517 817 1600 qu'ao¹
838 1530 900 1584 arte
921 1520 993 1582 belli
1011 1539 1057 1581 se-

103 1603 198 1664 cunda
220 1605 282 1664 suis'
302 1600 371 1682 eligi
399 1606 606 1684 praepararive
632 1611 784 1683 poterant,
810 1606 946 1683 providit.
983 1603 1092 1666 Gallitt

101 1703 176 1749 nova
190 1704 224 1750 11
238 1677 347 1766 trepidi
358 1693 440 1748 arnia
454 1688 587 1772 capiunt,
601 1689 705 1764 iraque
720 1689 813 1764 magis
829 1705 917 1765 quam
932 1685 1056 1747 consilio

101 1773 132 1831 in
143 1770 291 1852 Romanos
306 1772 471 1830 1111111111.
501 1771 560 1830 iam
573 1775 701 1832 verterat
714 1770 845 1840 fortuna,
860 1773 920 1830 iam
934 1770 1058 1830 deorum

102 1871 175 1931 opes
192 1853 380 1931 humanaque
392 1851 518 1936 ,consilia
533 1871 596 1914 rem
610 1853 771 1934 Romanam
788 1853 972 1915 adiuvabant.
1002 1855 1057 1930 igi·

103 1942 150 1995 tur
165 1938 262 2015 primo
279 1929 426 2018 concursui
442 1925 520 1996 haud
535 1937 646 1998 maiore
658 1942 807 1999 momento
820 1938 878 1998 lusi
893 1935 968 2000 Galli
979 1945 1056 2006 sunt,

103 2037 189 2098 quam
212 2020 248 2080 ad
263 2017 357 2082 Aliam
376 2020 516 2080 vicerant.
553 2021 676 2081 iustiore
700 2019 793 2082 altero
813 2021 920 2082 deinde
942 2019 1057 2100 proelio
1074 2026 1093 2080 d

102 2101 138 2162 ad
154 2097 286 2163 octavum
301 2095 433 2184 la'p'ide'n't'¹
446 2102 558 2165 G'abina
576 2105 636 2172 via,
658 2120 717 2180 quo
738 2121 770 2165 se
788 2121 823 2166 111
838 2103 908 2182 tuga
923 2102 1056 2164 contule·

100 2188 182 2256 rant,
205 2186 337 2248 eiusdem
361 2179 452 2247 111111
471 2188 663 2268 auspicioque
681 2183 795 2248 Camilli
815 2189 983 2248 vincuntur.
1014 2185 1057 2247 ibi

101 2265 205 2332 ca‘e'des
229 2263 327 2331 omnia
350 2263 483 2335 obtinuit.
521 2277 616 2332 castra
636 2271 808 2350 capiuntur,
830 2277 916 2332 1111
935 2271 1057 2331 nuntius

101 2353 221 2431 quidem
241 2353 333 2416 cladis
358 2348 489 2416 relictus.
526 2353 651 2414 dictator
670 2352 846 2432 recuperata
869 2372 904 2416 11
921 2352 1056 2415 hostibus
1073 2356 1091 2409 7

102 2437 195 2512 patria
209 2437 395 2516 triumphans
415 2439 446 2496 11
461 2435 565 2496 urbem
580 2436 670 2505 redit,
691 2437 827 2513 interque
849 2437 931 2497 iocos
950 2436 1056 2496 milita·

101 2535 166 2588 res,
187 2536 261 2596 quos
277 2519 445 2580 inconditos
462 2519 587 2588 iaciunt,
609 2517 751 2578 Romulus
771 2537 805 2578 ac
821 2536 930 2597 parens
944 2519 1056 2597 patriae

101 2595 294 2680 conditorque
309 2601 382 2663 alter
400 2600 482 2662 urbis
496 2601 575 2662 haud
590 2601 670 2662 vanis
691 2600 828 2663 laudibus
843 2599 1054 2684 appellabatur.

102 2683 252 2745 Servatam
267 2685 373 2747 deinde
389 2683 468 2746 bello
482 2685 606 2764 patriam
621 2686 728 2745 iterum
740 2686 770 2744 in
785 2703 859 2764 pace
875 2684 1056 2747 hauddubie
1072 2687 1167 2741 s-e..
1177 2731 1200 2745 ..

100 2770 239 2840 servau't,
258 2785 324 2830 1111
338 2767 492 2847 prohibuit
506 2767 627 2846 migrari
643 2767 728 2828 Veios
743 2775 771 2829 11
785 2767 914 2830 tribunis
930 2786 996 2830 rem
1009 2769 1055 2828 in·

100 2852 209 2912 tentius
229 2851 383 2930 agentibus
404 2860 471 2932 post
491 2853 642 2913 incensam
665 2850 770 2913 urbem
793 2857 823 2913 et
841 2870 896 2930 per
916 2871 948 2914 se
969 2850 1054 2912 incli-

100 2939 168 2994 nata
183 2937 275 3012 magis
289 2935 376 3014 plebe
397 2935 434 2996 ad
455 2937 484 2996 ld
501 2933 667 2997 consilium.
700 2953 791 3014 eaque
812 2953 901 2997 causa
919 2936 974 2997 luit
992 2937 1090 2996 noni

100 3015 280 3079 abdicandae
290 3025 358 3097 post
367 3018 548 3098 triumphum
560 3017 737 3088 dictaturae,
753 3027 857 3079 senatu
868 3017 1053 3088 obsecrante,

101 3115 137 3163 ne
151 3118 217 3162 rem
232 3099 382 3180 publicam
396 3103 428 3161 in
441 3103 555 3163 incerto
571 3100 753 3180 relinqueret
766 3107 851 3162 statu.

161 3183 193 3246 L.
230 3183 368 3247 01111111
383 3185 526 3264 primum,
551 3190 585 3246 ut
603 3193 665 3246 erat
680 3183 920 3262 diligentissimus
933 3185 1053 3263 religio·
1073 3193 1086 3244 1

101 3286 170 3328 num
188 3267 300 3338 cultor,
316 3286 391 3347 quae
406 3268 442 3329 ad
458 3268 529 3329 deos
544 3267 714 3330 inmortales
727 3267 918 3346 pertinebant
931 3268 1052 3339 rettulit,

100 3357 129 3412 et
148 3359 267 3414 senatus
287 3351 455 3414 consultum
468 3351 550 3423 tacit,
579 3353 646 3413 lana
663 3352 779 3423 omnia,
804 3352 882 3429 quod
904 3371 937 3414 ea
959 3353 1088 3416 11111111

100 3434 294 3514 possedisset,
323 3438 566 3506 restituerentur,
592 3436 822 3500 terminarentur
848 3438 1052 3514 expiarentur·

134 3544 160 3580 r.
171 3545 231 3583 cm
244 3547 312 3584 1111
324 3549 344 3584 1.
858 3523 899 3584 20
