2548 3954
279 225 326 272 DE
343 225 415 273 'rlrl
430 224 517 272 mvn
532 223 612 272 vlud
631 223 675 269 ΕΤ
692 221 856 272 sceterrs.
902 221 1047 270 mxxxvii

84 406 117 444 nn
133 384 285 446 utilissima
301 381 422 460 supellex
437 381 625 457 omuibus-qui
639 381 714 438 livio
729 395 839 455 operam
853 380 918 438 daut
931 391 974 438 est
985 398 1048 438 eon·

84 479 179 546 gesta:
205 478 335 543 tantaque
357 468 416 524 eius
437 466 487 522 viri
507 475 564 523 erat
587 466 734 528 autoritas,
751 471 782 520 ut
799 473 973 538 peremtum
992 466 1048 522 lere

84 569 171 611 annos
188 552 315 628 plerique
328 567 390 608 eum
407 559 594 624 sequerentur,
609 565 688 606 nemo
703 547 781 606 iacile
797 545 832 610 id,
853 551 925 622 quod
943 557 971 606 et
990 565 1048 624 pse

86 645 110 694 et
118 636 275 694 Gronovius
290 635 473 697 instituerant,
489 633 616 708 persequi
630 641 784 690 conaretur.
806 630 870 688 llam
886 631 1048 689 Additur·

84 721 192 778 nestius
200 713 254 790 814)
271 717 338 774 nihil
358 717 499 774 admodum
516 717 666 792 praestitit,
689 725 717 772 et
737 714 900 789 glossarium
922 726 1049 791 posteaa

84 805 113 860 G.
123 805 155 860 ll.
169 803 315 860 Schaeiero
331 817 364 858 ex
378 800 495 858 Ernestii
507 808 536 856 et
551 800 733 875 alireyssigio
747 815 779 856 ex
793 798 914 855 lluelleri
929 809 958 857 et
969 800 1049 858 (lers-

83 887 163 945 dordi
181 885 341 942 adversariis
357 894 464 943 auctum
476 884 534 942 eius
549 884 662 941 editioni
678 883 811 941 adiectum
821 883 864 939 vix
878 885 965 957 prima
980 885 1046 941 tanti

84 972 178 1047 operis
192 970 363 1026 fundamenta
380 960 510 1040 ieeit³⁰⁵)‚
526 975 554 1024 et
569 967 775 1042 Bipontinorunr
791 983 874 1040 opera
881 961 932 1040 801)
949 977 977 1024 et
991 968 1046 1023 ll'.

82 1052 252 1112 lallemaudi
264 1045 316 1125 ⁸⁰⁷)
339 1054 366 1108 in
386 1051 461 1108 livio
480 1051 647 1108 recensendo
662 1051 789 1108 iudicium
810 1060 891 1123 atque
907 1051 1048 1125 diligentia

83 1146 110 1196 et
126 1141 158 1194 Α.
174 1137 204 1192 ll.
220 1129 404 1207 Strothii³⁰⁸),
419 1135 495 1193 euius
511 1143 603 1209 partes
616 1145 713 1210 postea
727 1151 822 1210 parum
844 1133 960 1192 leliciter
974 1135 1003 1192 p,
1017 1135 1045 1192 G.

82 1221 248 1294 doeringius
267 1219 402 1295 suscepit,
418 1219 608 1294 interpretatio
626 1227 701 1276 recto
717 1217 831 1275 consilio
852 1218 976 1276 instituta
991 1219 1047 1274 lau·

82 1307 174 1379 deque
189 1305 283 1378 digna.
300 1312 390 1361 tamen
404 1319 461 1360 rem
475 1317 530 1359 non
545 1300 659 1359 multum
675 1302 848 1365 adiuverunt;
863 1317 952 1376 neque
968 1302 997 1358 G.
1015 1305 1046 1356 Α.

82 1389 199 1462 Ruperti
207 1381 274 1460 109).
298 1403 377 1462 quem
401 1388 496 1444 ducem
517 1386 571 1442 sibi
594 1385 711 1460 sumpsit
733 1385 764 1441 N.
779 1384 807 1440 Ε.
824 1379 1045 1458 Lemaerius³¹⁰),

81 1472 201 1528 multum
217 1471 278 1528 nori
299 1471 327 1527 in
343 1471 460 1528 medium
475 1467 599 1545 protulit.

142 1555 243 1612 Nostra
263 1555 370 1612 demum
394 1563 482 1612 aetate
501 1553 617 1630 duplicis
635 1555 743 1628 generis
763 1555 852 1611 studia
867 1569 900 1610 eo
917 1556 1047 1628 perduxe-

82 1648 158 1702 runt,
174 1647 206 1696 ut
221 1646 351 1713 quamam
367 1654 466 1714 operae
482 1638 511 1694 in
521 1638 587 1694 livii
601 1637 680 1694 libris
695 1644 723 1695 ct
734 1635 904 1695 emendandis
921 1647 948 1695 et
963 1639 1047 1713 expli·

80 1723 177 1782 caudis
203 1723 357 1797 ponendum
382 1722 497 1796 etquid
523 1722 713 1796 praestandum
739 1731 812 1779 esset
835 1722 1046 1798 perspiceretur.

81 1806 226 1864 Niebuhrii
247 1806 318 1862 enim
340 1805 538 1862 immortalibus
560 1805 588 1861 in
608 1805 750 1862 historiam
772 1807 916 1862 Romanam
942 1806 1046 1863 meritis

82 1884 180 1966 quanti
203 1889 335 1946 momenti
357 1895 457 1953 essent.
479 1905 547 1964 quae
568 1888 674 1945 alicio
696 1889 809 1946 mnrium
834 1890 867 1944 de
891 1890 1045 1962 antiquiore

82 1984 210 2049 tempore
226 1973 377 2037 traduntur.
393 1974 557 2048 patefactum
572 1982 600 2028 et
617 1973 643 2028 id
656 1973 781 2029 ellectum
795 1979 844 2035 est.
859 1980 890 2028 ιιι
904 1971 981 2028 multi
999 1973 1046 2027 viri

82 2055 235 2115 acutissimi
252 2057 394 2114 historiam
410 2067 438 2114 et
456 2055 632 2131 antiquitates
647 2065 675 2112 et
697 2073 738 2113 ms
756 2056 905 2112 Romanum
923 2055 1047 2130 explora·

84 2142 140 2198 turi
167 2141 196 2197 in
214 2155 275 2198 emn
298 2141 416 2198 animum
436 2139 621 2204 intenderent,
646 2141 719 2214 quod
740 2139 798 2196 lieri
817 2157 872 2196 nou
889 2141 994 2214 potuit.
1016 2151 1047 2198 ut

83 2241 139 2281 non
153 2223 272 2298 plurima
287 2241 302 2282 a
316 2225 391 2281 Livio
408 2225 554 2282 memoriae
569 2225 678 2300 prodita
692 2223 898 2298 explicarentur.
915 2225 1047 2281 examina·

83 2318 189 2372 rentur,
212 2307 314 2365 rectius
334 2309 575 2382 coniungerentur.
607 2307 705 2364 lleinde
719 2308 891 2381 antiquarum
906 2307 1046 2365 literarum

84 2392 183 2448 stodiis
199 2391 357 2450 instauratis
379 2392 544 2465 critieneque
566 2392 632 2448 artis
651 2391 757 2465 legibus
778 2391 875 2448 melius
894 2393 1046 2466 perspectis

88 2540 285 2552 mean——

152 2624 214 2689 304)
227 2626 298 2676 Edid.
312 2626 403 2676 litium
416 2625 479 2690 Lips.
497 2621 561 2672 1700
578 2624 609 2674 111
628 2623 683 2674 roll.
695 2621 725 2680 8*;
742 2625 832 2687 repetit.
847 2621 911 2674 1785
926 2624 1007 2674 leoli.
1020 2623 1045 2674 8ss

83 2697 178 2758 Aliquot
195 2693 263 2750 ennis
280 2701 333 2744 ente
350 2693 394 2742 Th.
407 2692 554 2742 ltuddimann
567 2691 659 2740 livium
680 2690 786 2741 ediderat
804 2690 931 2753 Ediolnrqi
945 2707 966 2742 ι.
981 2689 1044 2740 1751

84 2763 112 2811 ll'
126 2762 180 2812 soll.
194 2757 223 2818 8,
241 2760 280 2826 qni
293 2759 512 2810 Drakenborehium
525 2759 557 2808 ita
569 2772 595 2807 se
611 2765 717 2808 secutum
729 2773 789 2814 csse,
801 2766 825 2807 ut
837 2773 911 2822 pauca
924 2759 1044 2810 lleunetlro

84 2827 322 2878 llecleenzleauetore
331 2827 470 2883 immutaret.
484 2827 571 2890 ipsein
583 2826 658 2889 prael.
666 2825 777 2875 volumini
788 2825 810 2874 ll
822 2825 901 2876 addita
913 2828 1043 2890 proiltetur.

152 2892 213 2956 305)
233 2895 258 2944 v.
271 2895 359 2944 Loewii
372 2894 489 2944 dissertat.
510 2909 533 2942 n.
547 2889 596 2940 207
614 2893 645 2948 Ι.;
663 2891 825 2943 llildehrandli
838 2893 961 2957 Spcclmen
974 2894 1044 2944 leriel

85 2963 178 3013 Liuiani
190 2962 216 3010 in
227 2975 307 3025 progr.
320 2961 482 3026 'lremoniensi
495 2975 517 3009 a.
533 2957 606 3009 teet.

152 3025 213 3088 sm)
225 3027 316 3078 Prodiit
327 3027 417 3092 liiponti
433 3023 651 3076 1784-17801111
674 3027 719 3076 roll
740 3023 765 3076 8.

152 3093 213 3156 307)
226 3096 300 3144 Paris.
315 3093 387 3151 ltro,
401 3095 439 3144 llll
452 3094 507 3144 soll.
522 3091 561 3142 12.

152 3157 212 3223 008)
226 3161 317 3214 Geticae
330 3159 395 3210 1784
411 3162 456 3211 tris
474 3160 528 3211 roll.
548 3159 623 3210 edidit
652 3173 711 3224 quae
728 3159 785 3210 mn.
798 3159 883 3215 l—l.
901 3159 1041 3208 xxi-xxv

84 3230 215 3286 mutinent,
227 3228 331 3294 reliquos
343 3227 576 3290 cureritlloerlugius
589 3235 612 3276 et
623 3226 721 3276 alteram
728 3225 853 3276 editionem
860 3222 1041 3276 emisitllilss—

86 3291 160 3412 lagg.
173 3296 240 3345 llunc
252 3296 358 3358 sequitur
366 3295 463 3345 ldoeller
474 3295 513 3358 qul
525 3293 639 3345 lint-lt
651 3293 762 3349 llamiee,
774 3293 904 3358 iterumque
916 3293 1041 3356 ingerslev.

87 3371 100 3411 1
165 3363 247 3412 edidit.

152 3425 213 3490 309)
226 3430 363 3489 Goettingae
377 3424 550 3484 reor-1809,
562 3426 590 3476 lll
603 3426 657 3476 roll.
670 3423 694 3474 8.

152 3493 212 3556 310)
226 3495 325 3546 l‘arislis
339 3491 410 3553 1822,
422 3495 463 3546 Xll
475 3493 530 3546 teil.
542 3491 567 3544 8.
