2534 3956
202 199 269 266 344
350 213 447 258 nunu
461 212 506 257 vr.
532 211 603 254 crs.
618 203 662 258 31·
678 203 721 258 aa.
750 192 789 273 [a.
805 215 835 256 ιι.
854 215 879 257 c.
894 203 954 258 376-
968 194 1032 280 377]

200 367 253 438 pto
267 375 352 420 mora
367 357 488 420 dilectui
505 373 567 419 non
584 364 629 420 est
642 357 727 420 lacta.
756 358 924 436 legionibus
939 363 1023 423 noris
1041 364 1168 442 scriptis

201 441 312 522 placuit
333 443 407 504 duos
422 443 569 504 exercitus
584 443 617 502 ln
630 458 734 518 apum
753 442 891 504 Vulscum
906 443 1074 522 legionibus
1088 447 1167 507 divi·

202 526 243 588 sis
267 525 349 586 duci:
373 525 422 604 Sp.
440 525 549 586 Furius
569 525 607 586 M.
622 525 761 587 Horatius
783 526 955 589 dextrorsus
972 529 1166 590 maritumam

202 626 286 670 oram
301 617 389 685 atque
404 610 536 679 anuum,
553 605 586 676 Q.
604 607 745 670 Servilius
762 615 792 671 et
805 609 838 670 L.
856 610 1003 688 Geganius
1020 611 1105 672 laeva
1124 613 1164 673 ad

168 715 186 764 e
201 699 317 754 montes
332 691 469 754 Ecetram
483 697 620 770 pergunt.
652 699 756 752 neutra
767 699 852 770 parte
866 691 959 754 hostis
974 691 1079 756 obvius
1094 695 1164 756 luit

200 774 351 854 populatio
368 777 466 853 itaque
485 792 546 834 non
563 773 607 834 illi
623 791 712 851 vagae
731 774 850 845 similis,
873 792 961 852 qnam
974 777 1100 840 Vulscus
1116 778 1165 838 la·

200 860 320 920 trocinii
337 877 436 928 more,
457 857 624 920 discordiae
638 856 768 919 hostium
786 859 880 920 dctus
895 866 925 920 et
945 862 1082 940 virtutem
1096 879 1164 922 me·

199 949 302 1012 tuens,
329 959 384 1020 per
413 941 643 1021 trepidationem
660 943 768 1020 raptim
789 941 915 1012 lecerat,
944 944 997 1004 sed
1020 943 1057 1004 ab
1080 945 1164 1004 iusto

201 1025 332 1087 exercitu
350 1026 426 1085 iusta
448 1026 493 1083 ira
508 1023 585 1084 iacta
610 1027 704 1102 spatio
727 1042 844 1103 quoque
865 1027 1007 1105 temporis
1028 1029 1161 1103 gravion

165 1122 182 1171 't
200 1108 311 1186 quippe
321 1127 338 1168 a
349 1107 463 1168 Vulscis
473 1107 660 1178 timentibus,
674 1125 713 1168 ne
723 1109 844 1170 interim
856 1111 1003 1170 exercitus
1014 1108 1050 1168 ab
1061 1109 1160 1170 Roma

200 1193 308 1261 exiret,
331 1192 517 1252 incursiones
534 1193 566 1250 in
582 1199 714 1252 extrema
735 1191 838 1252 linium
852 1191 946 1253 iactae
971 1199 1068 1253 erant:
1097 1193 1161 1253 Ro-

198 1291 286 1334 mano
303 1283 405 1335 contra
421 1276 508 1335 etlam
522 1276 553 1334 in
572 1273 686 1334 hostico
707 1273 844 1335 morandi
859 1293 946 1336 causa
964 1284 1041 1346 erat,
1056 1283 1090 1336 ut
1102 1275 1162 1335 bo·

163 1365 181 1418 8
198 1364 273 1419 stem
289 1358 325 1418 ad
337 1365 488 1419 certamen
508 1357 638 1418 eliceret.
667 1359 766 1434 itaque
782 1357 918 1419 omnibus
940 1360 1050 1437 passim
1070 1362 1162 1420 tectis

198 1457 340 1520 agrorum
361 1443 491 1518 vicisque
510 1442 597 1502 etiam
615 1439 791 1516 quibusdam
815 1443 940 1512 exustIs,
964 1459 1025 1501 non
1048 1442 1161 1503 arbore

197 1525 356 1602 frugifera,
376 1525 523 1584 nonsatis
539 1525 671 1602 inspem
692 1523 811 1600 frugum
830 1523 958 1595 relictis,
979 1526 1059 1584 omni
1080 1542 1161 1602 quae

198 1615 280 1668 extra
300 1609 417 1668 moenia
440 1607 495 1667 luit
515 1605 668 1666 hominum
692 1605 900 1684 pecudumque
921 1608 1031 1686 praeda
1053 1607 1160 1668 abacta

196 1689 321 1751 Romam
336 1692 486 1767 utrimque
503 1691 649 1751 exercitus
661 1689 787 1750 reducti.

164 1783 179 1837 1
260 1773 374 1834 XXXII.
403 1775 497 1834 Parvo
519 1771 672 1832 intervallo
691 1771 727 1832 ad
747 1772 955 1850 respirandum
970 1772 1158 1835 debitoribus

196 1857 273 1926 dato,
291 1867 446 1935 postquam
463 1858 578 1932 quietae
592 1872 641 1914 res
652 1855 688 1914 ab
703 1853 838 1915 hostibus
850 1861 944 1925 erant,
960 1854 1107 1918 celebrari
1118 1857 1158 1918 do

195 1943 311 2016 integro
328 1941 402 2000 iuris
419 1939 523 2009 dictio,
547 1945 578 1999 et
590 1945 704 1998 tantum
718 1937 822 2000 abesse
836 1956 905 2015 spes
916 1940 1023 2001 veteris
1037 1939 1158 2000 levandi

194 2023 323 2092 fenoris,
345 2030 378 2082 ut
394 2021 503 2082 tributo
520 2039 628 2082 novum
649 2021 734 2081 lenus
749 2021 974 2084 conueheretur
988 2025 1018 2082 in
1035 2040 1158 2084 murum

160 2113 177 2162 2
194 2125 211 2167 a
229 2104 402 2167 censoribus
418 2105 545 2166 locatum
560 2123 631 2166 saxo
652 2105 795 2182 quadrato
807 2104 986 2167 faciundum.
1020 2108 1068 2166 cui
1087 2124 1158 2168 suc·

195 2188 336 2250 cumbere
356 2191 440 2250 oneri
457 2197 556 2246 coacta
570 2187 687 2262 plebes,
711 2189 779 2263 quia
801 2204 890 2265 quem
912 2189 1052 2251 dilectum
1068 2191 1158 2268 inpe-

159 2279 177 2333 3
195 2273 292 2332 dirent
306 2289 367 2331 non
382 2267 532 2328 habebant
549 2267 662 2327 tribuni
674 2269 780 2346 plebis.
811 2271 948 2333 tribunos
970 2275 1058 2335 etiam
1073 2271 1156 2332 mili·

192 2361 271 2414 taras
288 2353 428 2430 patricios
446 2366 550 2410 omnes
566 2357 667 2410 coacta
690 2354 861 2433 principum
883 2355 990 2433 opibus
1011 2356 1096 2425 iecit,
1117 2355 1154 2416 L.

191 2435 348 2496 Aemilium
370 2435 403 2494 P.
419 2433 567 2494 Valerium
587 2440 723 2510 quartum
744 2436 774 2496 C.
790 2438 942 2498 Veturium
965 2440 1030 2500 Ser.
1053 2437 1156 2516 Sulpi·

157 2525 176 2573 4
193 2521 272 2578 cium
289 2518 321 2578 L.
349 2525 378 2579 et
400 2515 596 2584 diiunctius
612 2517 809 2578 Cincinnatos.
837 2521 931 2580 isdem
952 2520 1059 2599 opibus
1074 2519 1156 2580 obti-

192 2619 300 2672 nuere,
331 2609 364 2660 ut
390 2601 530 2662 adversus
552 2599 672 2661 Latinos
692 2599 888 2677 Vulscosque,
911 2605 962 2679 qui
984 2605 1155 2664 coniunctis

191 2683 360 2762 legionibus
373 2684 410 2745 ad
423 2684 570 2744 Satricum
584 2690 679 2744 castra
697 2682 863 2754 habebant,
881 2683 963 2744 nulio
978 2685 1155 2763 inpediente

192 2767 330 2828 omnibus
341 2766 508 2828 iunioribus
523 2775 708 2828 sacramento
722 2767 832 2828 adactis
843 2773 903 2828 tres
915 2770 1062 2830 exercitus
1075 2771 1155 2830 scri-

158 2849 314 2921 bberent,
336 2869 429 2912 unum
448 2851 485 2910 ad
504 2850 683 2928 praesidium
702 2849 801 2920 urbis,
824 2848 950 2912 alterum
969 2853 1035 2927 qui,
1053 2853 1079 2912 si
1100 2855 1155 2930 qui

191 2934 263 2994 alibi
288 2941 386 2994 motus
407 2935 564 3003 extitisset,
594 2933 631 2993 ad
655 2933 751 2994 subita
767 2932 839 2994 belli
856 2935 932 2994 mitti
951 2940 1068 3012 posset:
1088 2941 1153 2997 ter-

190 3019 263 3078 tium
277 3016 367 3095 longe
377 3015 587 3078 validissimum
600 3016 633 3077 P.
646 3014 778 3078 Valerius
795 3024 824 3078 et
840 3017 872 3077 L.
885 3017 1027 3078 Aemilius
1044 3017 1081 3078 ad
1097 3019 1153 3079 Sa·

155 3104 298 3165 otricum
321 3102 442 3162 duxere.
479 3100 531 3160 ubi
549 3118 615 3160 cunr
633 3101 726 3160 aciem
746 3101 920 3161 instructam
939 3101 1068 3162 bostium
1081 3101 1151 3162 loco

191 3201 285 3262 aequo
306 3185 502 3254 invenissent,
531 3182 676 3260 extemplo
705 3191 883 3261 pugnatum
911 3191 941 3244 et
959 3191 993 3244 ut
1016 3184 1151 3245 nondum

190 3269 261 3330 satis
277 3267 387 3329 claram
404 3269 571 3336 victoriam,
589 3267 631 3327 sic
648 3283 809 3344 prosperae
825 3267 888 3345 spei
907 3285 1037 3347 pugnarn
1052 3267 1151 3329 imber

189 3351 359 3427 ingentibus
372 3351 512 3429 procellis
523 3351 605 3411 lusus
620 3349 746 3410 diremit.
778 3357 898 3430 postero
914 3350 962 3412 die
976 3353 1079 3412 iterata
1092 3367 1150 3429 pu-

153 3445 171 3494 t
188 3450 263 3512 gna3
283 3441 313 3495 et
328 3433 509 3510 aliquamdiu
525 3449 618 3510 aequa
635 3433 741 3493 virtute
758 3430 935 3509 fortunaque
951 3434 1071 3496 Latinae
1084 3451 1150 3493 ma-
