2534 3956
244 217 307 279 270
396 227 492 269 crena
508 225 537 268 v.
561 224 630 266 cnr.
649 216 690 268 12.
712 216 754 269 13.
781 206 820 282 [e.
836 223 864 264 u.
882 225 905 262 c.
931 207 1057 273 abacto]

245 363 432 438 remiserunt.
462 370 599 433 collatum
619 370 810 432 oboedienter
825 371 1004 446 missumque
1025 367 1062 428 ad
1085 369 1201 430 exerci-

213 556 227 608 1
244 464 381 602 meelltl]
414 539 514 600 Anxur
536 539 567 597 in
587 535 697 598 Volscis
718 535 801 598 brevi
821 501 974 614 receptum
994 541 1038 595 est
1058 534 1205 604 neclectis

246 626 293 687 die
314 625 388 685 iesto
411 622 551 683 custodiis
564 619 656 682 urbis.
676 654 711 664 -
733 619 859 701 Insignis
877 635 973 680 mnus
985 617 1085 680 bieme
1104 617 1205 696 gelida

245 727 279 770 ac
294 711 394 769 nivosa
410 706 479 775 fuit,
495 706 568 767 adeo
585 711 618 764 ut
631 705 694 765 riae
711 702 842 774 clausae,
864 701 981 765 'liberis
994 701 1205 780 innavigabilis

211 793 342 858 aluerit.
373 807 487 850 annona
513 809 548 850 ex
570 795 637 849 ante
653 795 790 849 convecta
812 787 897 866 copia
916 785 990 846 nihil
1012 787 1143 846 mutavit.
1177 795 1205 848 et

246 877 315 953 quia
329 874 361 933 P.
377 873 520 941 Licinius,
535 878 568 931 ut
582 877 702 950 ceperat
712 870 789 932 baud
804 869 981 932 tumultuose
997 870 1205 946 magistratum

245 959 357 1018 maiore
372 953 477 1033 gaudio
488 952 584 1032 plebis
600 970 685 1031 quam
701 954 902 1033 indignatione
912 961 1043 1032 patrum,
1061 954 1102 1012 ita
1113 955 1203 1014 etiam
1259 987 1260 1024 g

246 1042 349 1118 gessit,
373 1035 498 1100 dulcedo
519 1039 624 1098 invasit
641 1039 784 1116 proximis
799 1033 924 1097 comitiis
939 1035 1129 1098 tribunorum
1148 1040 1204 1097 mi·
1256 1011 1262 1150 p

212 1136 229 1190 a
245 1123 329 1184 litum
344 1120 477 1201 plebeios
492 1121 621 1183 creandi.
650 1138 725 1182 unus
739 1121 776 1182 M.
789 1121 926 1181 Veturius
941 1139 976 1182 ex
987 1121 1119 1198 patriciis
1132 1137 1204 1180 can·
1261 1151 1262 1160 κ

246 1208 351 1270 didatis
369 1206 466 1266 locum
481 1207 590 1273 tenuit;
605 1201 739 1282 plebeios
754 1204 827 1264 alios
843 1203 978 1264 tribunos
988 1202 1114 1263 militum
1131 1221 1204 1264 con·

246 1291 335 1352 sulari
350 1295 493 1369 potestate
510 1305 611 1350 omnes
632 1288 695 1348 fere
716 1289 867 1348 centuriae
886 1287 1001 1356 dixere,
1019 1285 1057 1346 M.
1072 1285 1204 1366 Pompo-

245 1376 327 1434 nium
343 1375 393 1434 Cn.
410 1371 538 1434 Duilium
556 1371 731 1432 Voleronem
746 1368 904 1438 Publilium
920 1371 970 1432 Cn.
991 1370 1159 1432 Genucium
1171 1372 1202 1431 L.

246 1457 373 1518 Atilium.

212 1555 230 1603 4
309 1539 434 1600 Tristem
449 1538 577 1599 hiemem
599 1538 660 1599 siro
680 1555 715 1599 ex
731 1539 905 1615 intemperie
927 1535 1000 1597 caeli
1013 1537 1121 1614 raptim
1137 1554 1203 1597 mu-

246 1623 355 1683 tatione
370 1623 401 1681 in
418 1623 598 1682 contrarium
612 1621 703 1691 sacta,
721 1622 781 1682 sive
794 1620 850 1680 alia
868 1619 977 1698 quade
997 1637 1084 1680 causa
1105 1623 1203 1696 gravis

211 1719 229 1772 b
245 1705 444 1785 pestilensque
459 1703 595 1766 omnibus
607 1702 782 1765 animalibus
798 1711 892 1765 aestas
904 1703 1027 1780 excepit.
1054 1703 1139 1763 cuius
1157 1704 1200 1763 in·
1261 1755 1262 1760 ,

245 1789 369 1850 sanabili
386 1789 524 1866 pernicie
537 1788 653 1866 quando
668 1805 724 1849 nec
739 1805 826 1849 cansa
843 1804 899 1849 nec
910 1786 976 1846 finis
987 1784 1200 1856 inveniebatur,

212 1872 315 1935 olibri
334 1869 472 1951 Sibyllini
496 1890 531 1933 ex
552 1879 670 1934 senatus
691 1870 824 1932 considio
848 1870 919 1932 aditi
939 1877 1015 1930 sunt.
1054 1869 1201 1930 duumviri
1261 1859 1262 1900 l

245 1957 337 2018 sacris
355 1955 498 2016 faciundis
519 1955 699 2017 lectisternio
714 1959 784 2014 tunc
795 1954 924 2033 primum
935 1954 966 2012 in
981 1951 1057 2014 urbe
1068 1951 1200 2012 Romana

244 2041 321 2100 sacto
345 2057 401 2117 per
424 2038 486 2099 dies
513 2045 579 2099 octo
601 2036 767 2116 Apollinem
787 2038 987 2114 Latonamque
1014 2043 1043 2097 et
1067 2034 1200 2104 Dianam,

244 2121 419 2192 Herculem,
434 2121 614 2183 Mercurium
632 2128 719 2196 atque
732 2121 901 2199 Neptunum
916 2117 1013 2180 tribus
1033 2135 1121 2196 quam
1139 2137 1200 2178 am·
1261 2155 1262 2166 ι

210 2221 227 2268 7
244 2206 385 2284 plissume
395 2213 458 2264 tum
473 2205 609 2282 apparari
620 2209 736 2281 poterat
747 2205 844 2264 stratis
854 2202 939 2264 lectis
953 2202 1115 2281 placavere.
1138 2205 1201 2280 pri·
1261 2253 1262 2272 ,

244 2289 331 2347 vatim
346 2303 463 2365 quoque
478 2287 509 2347 id
525 2304 641 2348 sacrum
657 2285 838 2348 celebratum
855 2293 907 2348 est.
934 2284 1086 2346 totaurbe
1098 2293 1201 2364 paten·
1261 2305 1262 2310 ¹

243 2369 322 2430 tibus
338 2371 432 2432 ianuis
449 2371 656 2448 promiscoque
673 2387 729 2430 usu
743 2386 845 2431 rerum
857 2371 987 2430 omnium
1001 2371 1032 2428 in
1043 2368 1202 2447 propatulo
1261 2375 1262 2440 Ϊ

244 2456 339 2534 posito
355 2461 441 2515 notos
463 2455 639 2532 ignotosque
654 2453 763 2532 passim
779 2452 904 2514 advenas
925 2454 956 2512 in
972 2451 1132 2531 hospitium
1148 2453 1201 2512 du·

245 2548 307 2598 ctos
327 2538 441 2607 ierunt,
462 2545 491 2598 et
511 2555 578 2598 cum
596 2538 722 2598 inimicis
738 2553 855 2614 qnoque
874 2535 1004 2613 benigne
1017 2554 1060 2597 ‚ac
1077 2537 1202 2598 comiter
1261 2579 1262 2584 η

210 2636 227 2687 s
245 2639 397 2683 sermones
415 2619 547 2692 habitos,
570 2622 673 2698 iurgiis
695 2638 729 2680 ac
744 2618 845 2680 litibus
865 2625 1074 2698 temperatum
1096 2621 1205 2682 vinctis
1261 2619 1262 2642 ¹

245 2721 362 2782 quoquc
374 2704 490 2783 dempta
505 2705 537 2764 in
550 2723 600 2765 eos
612 2704 674 2765 dies
684 2701 814 2773 uincula,
832 2701 972 2781 religioni
983 2702 1089 2764 deinde
1100 2703 1201 2773 iuissc,
1261 2767 1262 2778 q

210 2796 227 2847 s
245 2787 351 2865 quibus
364 2805 427 2850 eam
440 2805 527 2867 opem
538 2787 586 2849 dei
596 2787 744 2857 tulissent,
756 2787 869 2847 vinciri.
884 2821 919 2830 -
933 2786 1055 2848 Interim
1066 2786 1103 2847 ad
1114 2787 1202 2848 Veios
1261 2781 1262 2790 ’

243 2879 343 2932 terror
357 2869 509 2948 multiplex
526 2872 580 2931 luit
593 2870 687 2932 tribus
701 2873 732 2930 in
748 2887 839 2930 unum
856 2868 942 2930 bellis
960 2869 1092 2932 conlatis.
1118 2887 1201 2930 nam·
1261 2895 1262 2930 1

154 3010 158 3022 ,
245 2955 419 3030 queeodem
430 2955 773 3031 quoanteamodocirca
788 2955 984 3024 munimenta,
997 2962 1201 3033 cumrepente
1261 2943 1262 3004 l

245 3037 406 3117 Capenates
427 3035 592 3116 Faliscique
623 3036 753 3100 subsidio
782 3037 945 3106 venissent,
975 3036 1115 3098 adversus
1138 3045 1205 3098 tres
1261 3039 1262 3052 ¹

195 3128 228 3182 10
245 3124 392 3184 exercitus
403 3123 523 3201 ancipiti
536 3122 651 3201 proelio
667 3127 827 3201 pugnatum
843 3127 895 3183 est.
927 3127 994 3182 ante
1008 3123 1107 3181 omnia
1118 3121 1201 3180 adiu·

245 3206 284 3266 vit
300 3207 440 3270 memoria
457 3206 651 3267 damnationis
668 3205 763 3282 Sergii
779 3222 813 3264 ac
823 3204 963 3283 Verginii.
994 3206 1092 3282 itaque
1105 3222 1123 3266 e
1137 3221 1201 3264 ma·

245 3289 358 3350 loribus
373 3290 490 3360 castris,
513 3288 592 3350 unde
609 3294 693 3350 antea
710 3295 854 3349 cessatum
871 3288 982 3360 tuerat,
1001 3286 1084 3349 brevi
1105 3289 1206 3367 spatio

247 3371 463 3432 circumductae
480 3374 583 3452 copiae
599 3372 760 3453 Capenates
781 3373 814 3431 in
831 3371 937 3434 vallum
952 3372 1118 3433 Romanurn
1133 3388 1201 3432 rer·

196 3460 226 3514 u
246 3471 294 3516 sos
310 3451 345 3514 ab
361 3461 444 3531 tergo
460 3455 678 3532 adgrediuntur.
712 3455 780 3516 inde
796 3473 893 3536 pugna
910 3464 1012 3534 coepta
1034 3460 1063 3516 et
1077 3453 1204 3516 Faliscis
